<?xml version="1.0" encoding="UTF-8"?>
<record>
  <leader>-----nas--2200577-i-4500</leader>
  <controlfield tag="001">99370678063606441</controlfield>
  <controlfield tag="005">20230322213019.0</controlfield>
  <controlfield tag="006">m-----o--d--------</controlfield>
  <controlfield tag="007">cr-un|||||||||</controlfield>
  <controlfield tag="008">050614c19819999gw-qr-pso-o---0---b0ger--</controlfield>
  <datafield tag="010" ind1=" " ind2=" ">
    <subfield code="a">  2016204005</subfield>
  </datafield>
  <datafield tag="016" ind1="7" ind2=" ">
    <subfield code="a">2598795 1</subfield>
    <subfield code="2">DE-600</subfield>
  </datafield>
  <datafield tag="022" ind1=" " ind2=" ">
    <subfield code="a">2191-4664</subfield>
  </datafield>
  <datafield tag="035" ind1=" " ind2=" ">
    <subfield code="a">(DE-599)ZDB2598795 1</subfield>
  </datafield>
  <datafield tag="035" ind1=" " ind2=" ">
    <subfield code="a">(OCoLC)60625631</subfield>
  </datafield>
  <datafield tag="035" ind1=" " ind2=" ">
    <subfield code="a">(CKB)958480268910</subfield>
  </datafield>
  <datafield tag="035" ind1=" " ind2=" ">
    <subfield code="a">(CONSER)--2016204005</subfield>
  </datafield>
  <datafield tag="035" ind1=" " ind2=" ">
    <subfield code="a">(EXLCZ)99958480268910</subfield>
  </datafield>
  <datafield tag="041" ind1="0" ind2=" ">
    <subfield code="a">ger</subfield>
    <subfield code="b">eng</subfield>
  </datafield>
  <datafield tag="042" ind1=" " ind2=" ">
    <subfield code="a">pcc</subfield>
  </datafield>
  <datafield tag="050" ind1="0" ind2="0">
    <subfield code="a">Z678.9.A1</subfield>
  </datafield>
  <datafield tag="050" ind1="1" ind2="4">
    <subfield code="a">Z678.9.A1</subfield>
    <subfield code="b">A22</subfield>
  </datafield>
  <datafield tag="082" ind1="0" ind2="4">
    <subfield code="a">025.3/028/54</subfield>
    <subfield code="2">19</subfield>
  </datafield>
  <datafield tag="210" ind1=" " ind2=" ">
    <subfield code="a">ABI TECHNIK ZEITSCHRIFT FUER AUTOMATION BAU UND TECHNIK IM ARCHIV BIBLIOTHEK</subfield>
  </datafield>
  <datafield tag="222" ind1=" " ind2="0">
    <subfield code="a">ABI-Technik</subfield>
    <subfield code="b">(Internet)</subfield>
  </datafield>
  <datafield tag="245" ind1="0" ind2="0">
    <subfield code="a">ABI-Technik.</subfield>
  </datafield>
  <datafield tag="246" ind1="1" ind2=" ">
    <subfield code="a">A.B.I.-Technik</subfield>
  </datafield>
  <datafield tag="264" ind1=" " ind2="1">
    <subfield code="a">Berlin, Germany :</subfield>
    <subfield code="b">De Gruyter</subfield>
  </datafield>
  <datafield tag="300" ind1=" " ind2=" ">
    <subfield code="a">1 online resource</subfield>
  </datafield>
  <datafield tag="310" ind1=" " ind2=" ">
    <subfield code="a">Quarterly</subfield>
  </datafield>
  <datafield tag="336" ind1=" " ind2=" ">
    <subfield code="a">text</subfield>
    <subfield code="b">txt</subfield>
    <subfield code="2">rdacontent</subfield>
  </datafield>
  <datafield tag="337" ind1=" " ind2=" ">
    <subfield code="a">computer</subfield>
    <subfield code="b">c</subfield>
    <subfield code="2">rdamedia</subfield>
  </datafield>
  <datafield tag="338" ind1=" " ind2=" ">
    <subfield code="a">online resource</subfield>
    <subfield code="b">cr</subfield>
    <subfield code="2">rdacarrier</subfield>
  </datafield>
  <datafield tag="362" ind1="1" ind2=" ">
    <subfield code="a">Began in 1981.</subfield>
  </datafield>
  <datafield tag="500" ind1=" " ind2=" ">
    <subfield code="a">Title varies slightly.</subfield>
  </datafield>
  <datafield tag="500" ind1=" " ind2=" ">
    <subfield code="a">Print version published: Wiesbaden, Germany : K. Holz, 1981- ; München : Verlag Neuer Merkur, &lt;1998-2000&gt;; Berlin : Walter de Gruyter, -2011; Berlin, Germany : De Gruyter Saur, 2012-</subfield>
  </datafield>
  <datafield tag="538" ind1=" " ind2=" ">
    <subfield code="a">Mode of access: World Wide Web.</subfield>
  </datafield>
  <datafield tag="546" ind1=" " ind2=" ">
    <subfield code="a">Text in German, with titles and summaries in English and German.</subfield>
  </datafield>
  <datafield tag="588" ind1="0" ind2=" ">
    <subfield code="a">16, Nr. 1 (1996); title from PDF issue contents page (De Gruyter Online, viewed February 23, 2016).</subfield>
  </datafield>
  <datafield tag="588" ind1="1" ind2=" ">
    <subfield code="a">Vol. 42, no. 3 (2022) (De Gruyter Online, viewed October 7, 2022).</subfield>
  </datafield>
  <datafield tag="650" ind1=" " ind2="0">
    <subfield code="a">Libraries</subfield>
    <subfield code="x">Automation</subfield>
    <subfield code="v">Periodicals.</subfield>
  </datafield>
  <datafield tag="650" ind1=" " ind2="0">
    <subfield code="a">Information science</subfield>
    <subfield code="v">Periodicals.</subfield>
  </datafield>
  <datafield tag="650" ind1=" " ind2="0">
    <subfield code="a">Library buildings</subfield>
    <subfield code="v">Periodicals.</subfield>
  </datafield>
  <datafield tag="650" ind1=" " ind2="0">
    <subfield code="a">Information technology</subfield>
    <subfield code="v">Periodicals.</subfield>
  </datafield>
  <datafield tag="650" ind1=" " ind2="7">
    <subfield code="a">Information technology</subfield>
    <subfield code="2">fast</subfield>
    <subfield code="0">(OCoLC)fst00973089</subfield>
  </datafield>
  <datafield tag="650" ind1=" " ind2="7">
    <subfield code="a">Information science.</subfield>
    <subfield code="2">fast</subfield>
    <subfield code="0">(OCoLC)fst00972640</subfield>
  </datafield>
  <datafield tag="650" ind1=" " ind2="7">
    <subfield code="a">Libraries</subfield>
    <subfield code="x">Automation.</subfield>
    <subfield code="2">fast</subfield>
    <subfield code="0">(OCoLC)fst00997347</subfield>
  </datafield>
  <datafield tag="650" ind1=" " ind2="7">
    <subfield code="a">Library buildings.</subfield>
    <subfield code="2">fast</subfield>
    <subfield code="0">(OCoLC)fst00997647</subfield>
  </datafield>
  <datafield tag="655" ind1=" " ind2="7">
    <subfield code="a">Periodicals.</subfield>
    <subfield code="2">fast</subfield>
    <subfield code="0">(OCoLC)fst01411641</subfield>
  </datafield>
  <datafield tag="655" ind1=" " ind2="7">
    <subfield code="a">Periodicals.</subfield>
    <subfield code="2">lcgft</subfield>
  </datafield>
  <datafield tag="776" ind1=" " ind2=" ">
    <subfield code="x">0720-6763</subfield>
    <subfield code="0">http://worldcat.org/issn/0720-6763</subfield>
  </datafield>
  <datafield tag="906" ind1=" " ind2=" ">
    <subfield code="a">JOURNAL</subfield>
  </datafield>
  <datafield tag="MBD" ind1=" " ind2=" ">
    <subfield code="M">49HBZ_NETWORK</subfield>
    <subfield code="i">99370678063606441</subfield>
    <subfield code="n">HBZ Network</subfield>
  </datafield>
  <datafield tag="MBD" ind1=" " ind2=" ">
    <subfield code="M">49HBZ_WUP</subfield>
    <subfield code="i">9915971105106447</subfield>
    <subfield code="n">Bergische Universität Wuppertal</subfield>
  </datafield>
  <datafield tag="MBD" ind1=" " ind2=" ">
    <subfield code="M">49HBZ_HSD</subfield>
    <subfield code="i">991005617479506455</subfield>
    <subfield code="n">Hochschule Duesseldorf</subfield>
  </datafield>
  <datafield tag="MBD" ind1=" " ind2=" ">
    <subfield code="M">49HBZ_HHL</subfield>
    <subfield code="i">991001196541406482</subfield>
    <subfield code="n">Hochschule Hamm-Lippstadt</subfield>
  </datafield>
  <datafield tag="MBD" ind1=" " ind2=" ">
    <subfield code="M">49HBZ_HSN</subfield>
    <subfield code="i">991008986786508056</subfield>
    <subfield code="n">Hochschule Niederrhein</subfield>
  </datafield>
  <datafield tag="MBD" ind1=" " ind2=" ">
    <subfield code="M">49HBZ_OWL</subfield>
    <subfield code="i">991004336005906468</subfield>
    <subfield code="n">Hochschule Ostwestfalen-Lippe</subfield>
  </datafield>
  <datafield tag="MBD" ind1=" " ind2=" ">
    <subfield code="M">49HBZ_RHW</subfield>
    <subfield code="i">991002750769406479</subfield>
    <subfield code="n">Hochschule Rhein-Waal</subfield>
  </datafield>
  <datafield tag="MBD" ind1=" " ind2=" ">
    <subfield code="M">49HBZ_EVH</subfield>
    <subfield code="i">991001317956106483</subfield>
    <subfield code="n">Hochschule Rheinland-Westfalen-Lippe</subfield>
  </datafield>
  <datafield tag="MBD" ind1=" " ind2=" ">
    <subfield code="M">49HBZ_RUW</subfield>
    <subfield code="i">991004112696706453</subfield>
    <subfield code="n">Hochschule Ruhr West</subfield>
  </datafield>
  <datafield tag="MBD" ind1=" " ind2=" ">
    <subfield code="M">49HBZ_HGB</subfield>
    <subfield code="i">991000893367206481</subfield>
    <subfield code="n">Hochschule fur Gesundheit</subfield>
  </datafield>
  <datafield tag="MBD" ind1=" " ind2=" ">
    <subfield code="M">49HBZ_KHO</subfield>
    <subfield code="i">991007151365906474</subfield>
    <subfield code="n">Katholische Hochschule Nordrhein-Westfalen</subfield>
  </datafield>
  <datafield tag="MBD" ind1=" " ind2=" ">
    <subfield code="M">49HBZ_RTU</subfield>
    <subfield code="i">992022008758307476</subfield>
    <subfield code="n">RPTU Kaiserslautern-Landau</subfield>
  </datafield>
  <datafield tag="MBD" ind1=" " ind2=" ">
    <subfield code="M">49HBZ_ZBS</subfield>
    <subfield code="i">998470474006478</subfield>
    <subfield code="n">Deutsche Sporthochschule Köln</subfield>
  </datafield>
  <datafield tag="MBD" ind1=" " ind2=" ">
    <subfield code="M">49HBZ_UBA</subfield>
    <subfield code="i">991025967647406448</subfield>
    <subfield code="n">RWTH Aachen</subfield>
  </datafield>
  <datafield tag="MBD" ind1=" " ind2=" ">
    <subfield code="M">49HBZ_THK</subfield>
    <subfield code="i">991008476427206477</subfield>
    <subfield code="n">Technische Hochschule Köln (TH Köln)</subfield>
  </datafield>
  <datafield tag="MBD" ind1=" " ind2=" ">
    <subfield code="M">49HBZ_UBD</subfield>
    <subfield code="i">991013481417006445</subfield>
    <subfield code="n">Technische Universität Dortmund</subfield>
  </datafield>
  <datafield tag="MBD" ind1=" " ind2=" ">
    <subfield code="M">49HBZ_UBT</subfield>
    <subfield code="i">9927778655706470</subfield>
    <subfield code="n">UB Trier</subfield>
  </datafield>
  <datafield tag="MBD" ind1=" " ind2=" ">
    <subfield code="M">49HBZ_ULB</subfield>
    <subfield code="i">991045180392606467</subfield>
    <subfield code="n">Universitaet Bonn</subfield>
  </datafield>
  <datafield tag="MBD" ind1=" " ind2=" ">
    <subfield code="M">49HBZ_BIE</subfield>
    <subfield code="i">991025806681206442</subfield>
    <subfield code="n">Universität Bielefeld</subfield>
  </datafield>
  <datafield tag="MBD" ind1=" " ind2=" ">
    <subfield code="M">49HBZ_UBO</subfield>
    <subfield code="i">991027808804206471</subfield>
    <subfield code="n">Universität Bochum</subfield>
  </datafield>
  <datafield tag="MBD" ind1=" " ind2=" ">
    <subfield code="M">49HBZ_UDE</subfield>
    <subfield code="i">99206362120906446</subfield>
    <subfield code="n">Universität Duisburg-Essen</subfield>
  </datafield>
  <datafield tag="MBD" ind1=" " ind2=" ">
    <subfield code="M">49HBZ_DUE</subfield>
    <subfield code="i">9947406450506443</subfield>
    <subfield code="n">Universität Düsseldorf</subfield>
  </datafield>
  <datafield tag="MBD" ind1=" " ind2=" ">
    <subfield code="M">49HBZ_UKO</subfield>
    <subfield code="i">9910060661008057</subfield>
    <subfield code="n">Universität Koblenz</subfield>
  </datafield>
  <datafield tag="MBD" ind1=" " ind2=" ">
    <subfield code="M">49HBZ_FHM</subfield>
    <subfield code="i">991006386478506485</subfield>
    <subfield code="n">FH / KA Münster</subfield>
  </datafield>
  <datafield tag="MBD" ind1=" " ind2=" ">
    <subfield code="M">49HBZ_UBK</subfield>
    <subfield code="i">991055599442706476</subfield>
    <subfield code="n">Universität Köln</subfield>
  </datafield>
  <datafield tag="MBD" ind1=" " ind2=" ">
    <subfield code="M">49HBZ_ULM</subfield>
    <subfield code="i">991044834920506449</subfield>
    <subfield code="n">Universität Münster</subfield>
  </datafield>
  <datafield tag="MBD" ind1=" " ind2=" ">
    <subfield code="M">49HBZ_SIE</subfield>
    <subfield code="i">99204507541206462</subfield>
    <subfield code="n">Universität Siegen</subfield>
  </datafield>
  <datafield tag="MBD" ind1=" " ind2=" ">
    <subfield code="M">49HBZ_PAD</subfield>
    <subfield code="i">9925013376606463</subfield>
    <subfield code="n">Universitätsbibliothek Paderborn</subfield>
  </datafield>
  <datafield tag="MBD" ind1=" " ind2=" ">
    <subfield code="M">49HBZ_WHS</subfield>
    <subfield code="i">991006477834606456</subfield>
    <subfield code="n">Westfälische Hochschule</subfield>
  </datafield>
  <datafield tag="MBD" ind1=" " ind2=" ">
    <subfield code="M">49HBZ_ZBM</subfield>
    <subfield code="i">991013864255706472</subfield>
    <subfield code="n">ZB MED</subfield>
  </datafield>
  <datafield tag="MBD" ind1=" " ind2=" ">
    <subfield code="M">49HBZ_FSW</subfield>
    <subfield code="i">9916219546106461</subfield>
    <subfield code="n">Fachhochschule Südwestfalen</subfield>
  </datafield>
  <datafield tag="MBD" ind1=" " ind2=" ">
    <subfield code="M">49HBZ_FUH</subfield>
    <subfield code="i">99381829355006464</subfield>
    <subfield code="n">Fernuniversität Hagen</subfield>
  </datafield>
  <datafield tag="MBD" ind1=" " ind2=" ">
    <subfield code="M">49HBZ_FHA</subfield>
    <subfield code="i">991005821828906444</subfield>
    <subfield code="n">Hochschulbibliothek der FH Aachen</subfield>
  </datafield>
  <datafield tag="MBD" ind1=" " ind2=" ">
    <subfield code="M">49HBZ_HBI</subfield>
    <subfield code="i">991005482849106450</subfield>
    <subfield code="n">Hochschule Bielefeld</subfield>
  </datafield>
  <datafield tag="MBD" ind1=" " ind2=" ">
    <subfield code="M">49HBZ_HBO</subfield>
    <subfield code="i">991000410720206454</subfield>
    <subfield code="n">Hochschule Bochum</subfield>
  </datafield>
  <datafield tag="MBD" ind1=" " ind2=" ">
    <subfield code="M">49HBZ_BRS</subfield>
    <subfield code="i">991005694326706452</subfield>
    <subfield code="n">Hochschule Bonn-Rhein-Sieg</subfield>
  </datafield>
  <datafield tag="MNG" ind1=" " ind2=" ">
    <subfield code="c">system</subfield>
    <subfield code="f">CKB</subfield>
    <subfield code="i">marc21</subfield>
    <subfield code="e">false</subfield>
    <subfield code="d">2023-04-15 01:39:39 Europe/Berlin</subfield>
    <subfield code="g">99958480268910</subfield>
    <subfield code="a">CKB</subfield>
    <subfield code="b">2021-04-15 20:50:31 Europe/Berlin</subfield>
  </datafield>
  <datafield tag="POR" ind1=" " ind2=" ">
    <subfield code="j">Walter De Gruyter Publishing</subfield>
    <subfield code="x">System</subfield>
    <subfield code="a">53158240510006447</subfield>
    <subfield code="M">49HBZ_WUP</subfield>
    <subfield code="p">61156593810006447</subfield>
    <subfield code="q">EZB-NALIG-00476 Walter de Gruyter Online-Zeitschriften Archiv NL</subfield>
    <subfield code="c">param</subfield>
    <subfield code="o">613790000000000573</subfield>
    <subfield code="y">2022-07-11 00:26:19 Europe/Berlin</subfield>
    <subfield code="w">2021-04-11 18:51:22 Europe/Berlin</subfield>
    <subfield code="D">https://eu04.alma.exlibrisgroup.com/view/uresolver/49HBZ_NETWORK/openurl?u.ignore_date_coverage=true&amp;portfolio_pid=53158240510006447&amp;Force_direct=true</subfield>
    <subfield code="v">NON_SFX_CREATOR</subfield>
    <subfield code="z">2021-04-11 16:51:22</subfield>
    <subfield code="n"> Available from 1996 volume: 16.</subfield>
    <subfield code="i">false</subfield>
    <subfield code="S">62156593800006447</subfield>
    <subfield code="d">https://hbz-network.userservices.exlibrisgroup.com/view/uresolver/49HBZ_NETWORK/openurl?u.ignore_date_coverage=true&amp;rft.mms_id=9915971105106447</subfield>
    <subfield code="b">Available</subfield>
    <subfield code="f">JOURNAL</subfield>
    <subfield code="8">53158240510006447</subfield>
  </datafield>
  <datafield tag="POC" ind1=" " ind2=" ">
    <subfield code="a">53158240510006447</subfield>
    <subfield code="b">1996</subfield>
    <subfield code="d">1</subfield>
    <subfield code="f">1</subfield>
    <subfield code="h">16</subfield>
  </datafield>
  <datafield tag="POR" ind1=" " ind2=" ">
    <subfield code="j">Walter De Gruyter Publishing</subfield>
    <subfield code="x">System</subfield>
    <subfield code="a">53157563970006447</subfield>
    <subfield code="M">49HBZ_WUP</subfield>
    <subfield code="p">61156594530006447</subfield>
    <subfield code="q">EZB-NALFK-00448 Walter de Gruyter Online-Zeitschriften LLH1 AL</subfield>
    <subfield code="c">param</subfield>
    <subfield code="o">613790000000000582</subfield>
    <subfield code="y">2021-04-11 18:48:55 Europe/Berlin</subfield>
    <subfield code="w">2021-04-11 18:48:51 Europe/Berlin</subfield>
    <subfield code="D">https://eu04.alma.exlibrisgroup.com/view/uresolver/49HBZ_NETWORK/openurl?u.ignore_date_coverage=true&amp;portfolio_pid=53157563970006447&amp;Force_direct=true</subfield>
    <subfield code="v">NON_SFX_CREATOR</subfield>
    <subfield code="z">2021-04-11 16:48:51</subfield>
    <subfield code="n"> Available from 1996 volume: 16.</subfield>
    <subfield code="i">false</subfield>
    <subfield code="S">62156594520006447</subfield>
    <subfield code="d">https://hbz-network.userservices.exlibrisgroup.com/view/uresolver/49HBZ_NETWORK/openurl?u.ignore_date_coverage=true&amp;rft.mms_id=9915971105106447</subfield>
    <subfield code="b">Available</subfield>
    <subfield code="f">JOURNAL</subfield>
    <subfield code="8">53157563970006447</subfield>
  </datafield>
  <datafield tag="POC" ind1=" " ind2=" ">
    <subfield code="a">53157563970006447</subfield>
    <subfield code="b">1996</subfield>
    <subfield code="d">1</subfield>
    <subfield code="f">1</subfield>
    <subfield code="h">16</subfield>
  </datafield>
  <datafield tag="POR" ind1=" " ind2=" ">
    <subfield code="j">Ezb</subfield>
    <subfield code="x">System</subfield>
    <subfield code="a">5328313150006478</subfield>
    <subfield code="M">49HBZ_ZBS</subfield>
    <subfield code="p">6127036270006478</subfield>
    <subfield code="q">EZB-FREE-00999 freely available EZB journals</subfield>
    <subfield code="c">param</subfield>
    <subfield code="o">615280000000001088</subfield>
    <subfield code="y">2023-08-14 14:14:07 Europe/Berlin</subfield>
    <subfield code="w">2023-08-14 14:13:57 Europe/Berlin</subfield>
    <subfield code="D">https://eu04.alma.exlibrisgroup.com/view/uresolver/49HBZ_NETWORK/openurl?u.ignore_date_coverage=true&amp;portfolio_pid=5328313150006478&amp;Force_direct=true</subfield>
    <subfield code="v">NON_SFX_CREATOR</subfield>
    <subfield code="z">2023-08-14 12:13:57</subfield>
    <subfield code="n"> Available from 2022 volume: 42 issue: 1.</subfield>
    <subfield code="i">false</subfield>
    <subfield code="S">6227036260006478</subfield>
    <subfield code="d">https://hbz-network.userservices.exlibrisgroup.com/view/uresolver/49HBZ_NETWORK/openurl?u.ignore_date_coverage=true&amp;rft.mms_id=998470474006478</subfield>
    <subfield code="b">Available</subfield>
    <subfield code="f">JOURNAL</subfield>
    <subfield code="8">5328313150006478</subfield>
  </datafield>
  <datafield tag="POC" ind1=" " ind2=" ">
    <subfield code="a">5328313150006478</subfield>
    <subfield code="b">2022</subfield>
    <subfield code="d">1</subfield>
    <subfield code="f">1</subfield>
    <subfield code="h">42</subfield>
    <subfield code="j">1</subfield>
  </datafield>
  <datafield tag="POR" ind1=" " ind2=" ">
    <subfield code="j">Ezb</subfield>
    <subfield code="x">System</subfield>
    <subfield code="a">5327889980006478</subfield>
    <subfield code="M">49HBZ_ZBS</subfield>
    <subfield code="p">6127037590006478</subfield>
    <subfield code="q">EZB-FREE-01825 free EZB journals Librarianship Information Science</subfield>
    <subfield code="c">param</subfield>
    <subfield code="o">614910000000003072</subfield>
    <subfield code="y">2023-09-11 04:01:09 Europe/Berlin</subfield>
    <subfield code="w">2023-08-14 14:11:06 Europe/Berlin</subfield>
    <subfield code="D">https://eu04.alma.exlibrisgroup.com/view/uresolver/49HBZ_NETWORK/openurl?u.ignore_date_coverage=true&amp;portfolio_pid=5327889980006478&amp;Force_direct=true</subfield>
    <subfield code="v">NON_SFX_CREATOR</subfield>
    <subfield code="z">2023-08-14 12:11:06</subfield>
    <subfield code="n"> Available from 1996 volume: 16 issue: 1.</subfield>
    <subfield code="i">false</subfield>
    <subfield code="S">6227037580006478</subfield>
    <subfield code="d">https://hbz-network.userservices.exlibrisgroup.com/view/uresolver/49HBZ_NETWORK/openurl?u.ignore_date_coverage=true&amp;rft.mms_id=998470474006478</subfield>
    <subfield code="b">Available</subfield>
    <subfield code="f">JOURNAL</subfield>
    <subfield code="8">5327889980006478</subfield>
  </datafield>
  <datafield tag="POC" ind1=" " ind2=" ">
    <subfield code="a">5327889980006478</subfield>
    <subfield code="b">1996</subfield>
    <subfield code="d">1</subfield>
    <subfield code="f">1</subfield>
    <subfield code="h">16</subfield>
    <subfield code="j">1</subfield>
  </datafield>
  <datafield tag="POR" ind1=" " ind2=" ">
    <subfield code="j">Walter De Gruyter Publishing</subfield>
    <subfield code="x">System</subfield>
    <subfield code="a">5327821250006478</subfield>
    <subfield code="M">49HBZ_ZBS</subfield>
    <subfield code="p">6127037740006478</subfield>
    <subfield code="q">De Gruyter journals</subfield>
    <subfield code="c">param</subfield>
    <subfield code="o">61110974475531562</subfield>
    <subfield code="y">2023-08-14 14:10:51 Europe/Berlin</subfield>
    <subfield code="w">2023-08-14 14:10:50 Europe/Berlin</subfield>
    <subfield code="D">https://eu04.alma.exlibrisgroup.com/view/uresolver/49HBZ_NETWORK/openurl?u.ignore_date_coverage=true&amp;portfolio_pid=5327821250006478&amp;Force_direct=true</subfield>
    <subfield code="v">NON_SFX_CREATOR</subfield>
    <subfield code="z">2023-08-14 12:10:50</subfield>
    <subfield code="n"> Available from 2012 volume: 32 issue: 1 until 2014 volume: 34 issue: 4.</subfield>
    <subfield code="i">false</subfield>
    <subfield code="S">6227037730006478</subfield>
    <subfield code="d">https://hbz-network.userservices.exlibrisgroup.com/view/uresolver/49HBZ_NETWORK/openurl?u.ignore_date_coverage=true&amp;rft.mms_id=998470474006478</subfield>
    <subfield code="b">Available</subfield>
    <subfield code="f">JOURNAL</subfield>
    <subfield code="8">5327821250006478</subfield>
  </datafield>
  <datafield tag="POC" ind1=" " ind2=" ">
    <subfield code="a">5327821250006478</subfield>
    <subfield code="b">2012</subfield>
    <subfield code="c">2014</subfield>
    <subfield code="d">1</subfield>
    <subfield code="e">12</subfield>
    <subfield code="f">1</subfield>
    <subfield code="g">31</subfield>
    <subfield code="h">32</subfield>
    <subfield code="i">34</subfield>
    <subfield code="j">1</subfield>
    <subfield code="k">4</subfield>
  </datafield>
  <datafield tag="POR" ind1=" " ind2=" ">
    <subfield code="j">Walter De Gruyter Publishing</subfield>
    <subfield code="x">System</subfield>
    <subfield code="a">5336193550006485</subfield>
    <subfield code="h">fhms-ez</subfield>
    <subfield code="M">49HBZ_FHM</subfield>
    <subfield code="p">6135703340006485</subfield>
    <subfield code="q">EZB-NALIG-00476 Walter de Gruyter Online-Zeitschriften Archiv NL</subfield>
    <subfield code="c">param</subfield>
    <subfield code="o">613790000000000573</subfield>
    <subfield code="y">2022-07-13 13:06:38 Europe/Berlin</subfield>
    <subfield code="w">2022-06-27 13:55:02 Europe/Berlin</subfield>
    <subfield code="D">https://eu04.alma.exlibrisgroup.com/view/uresolver/49HBZ_NETWORK/openurl?u.ignore_date_coverage=true&amp;portfolio_pid=5336193550006485&amp;Force_direct=true</subfield>
    <subfield code="v">NON_SFX_CREATOR</subfield>
    <subfield code="z">2022-06-27 11:55:02</subfield>
    <subfield code="n"> Available from 1996 volume: 16.</subfield>
    <subfield code="i">true</subfield>
    <subfield code="S">6235703330006485</subfield>
    <subfield code="d">https://hbz-network.userservices.exlibrisgroup.com/view/uresolver/49HBZ_NETWORK/openurl?u.ignore_date_coverage=true&amp;rft.mms_id=991006386478506485</subfield>
    <subfield code="b">Available</subfield>
    <subfield code="f">JOURNAL</subfield>
    <subfield code="8">5336193550006485</subfield>
  </datafield>
  <datafield tag="POC" ind1=" " ind2=" ">
    <subfield code="a">5336193550006485</subfield>
    <subfield code="b">1996</subfield>
    <subfield code="d">1</subfield>
    <subfield code="f">1</subfield>
    <subfield code="h">16</subfield>
  </datafield>
  <datafield tag="POR" ind1=" " ind2=" ">
    <subfield code="j">Walter De Gruyter Publishing</subfield>
    <subfield code="x">eres1</subfield>
    <subfield code="a">5385225080006461</subfield>
    <subfield code="h">EZproxy</subfield>
    <subfield code="M">49HBZ_FSW</subfield>
    <subfield code="p">6182607260006461</subfield>
    <subfield code="r">degruyter_zeitschriften_bilateral </subfield>
    <subfield code="q">De Gruyter journals</subfield>
    <subfield code="c">param</subfield>
    <subfield code="o">61110974475531562</subfield>
    <subfield code="y">2023-05-08 14:51:58 Europe/Berlin</subfield>
    <subfield code="w">2022-10-17 15:52:56 Europe/Berlin</subfield>
    <subfield code="D">https://eu04.alma.exlibrisgroup.com/view/uresolver/49HBZ_NETWORK/openurl?u.ignore_date_coverage=true&amp;portfolio_pid=5385225080006461&amp;Force_direct=true</subfield>
    <subfield code="s">de Gruyter online</subfield>
    <subfield code="v">eres1</subfield>
    <subfield code="z">2022-10-17 12:43:07</subfield>
    <subfield code="n"> Available from 01/03/1996 volume: 16.</subfield>
    <subfield code="i">true</subfield>
    <subfield code="t">Bestellposten-2023-2516</subfield>
    <subfield code="S">6282607250006461</subfield>
    <subfield code="d">https://hbz-network.userservices.exlibrisgroup.com/view/uresolver/49HBZ_NETWORK/openurl?u.ignore_date_coverage=true&amp;rft.mms_id=9916219546106461</subfield>
    <subfield code="b">Available</subfield>
    <subfield code="f">JOURNAL</subfield>
    <subfield code="8">5385225080006461</subfield>
  </datafield>
  <datafield tag="POC" ind1=" " ind2=" ">
    <subfield code="a">5385225080006461</subfield>
    <subfield code="b">1996</subfield>
    <subfield code="d">03</subfield>
    <subfield code="f">01</subfield>
    <subfield code="h">16</subfield>
  </datafield>
  <datafield tag="POR" ind1=" " ind2=" ">
    <subfield code="j">Walter De Gruyter Publishing</subfield>
    <subfield code="x">eres1</subfield>
    <subfield code="a">5382132500006461</subfield>
    <subfield code="h">DEFAULT</subfield>
    <subfield code="M">49HBZ_FSW</subfield>
    <subfield code="k">Online-Zugriff: 
- Off-Campus-Zugang
- Shibboleth
</subfield>
    <subfield code="p">6179985830006461</subfield>
    <subfield code="r">natli_degruyter_zeitschriftenarchiv</subfield>
    <subfield code="q">de Gruyter Zeitschriftenarchiv </subfield>
    <subfield code="c">param</subfield>
    <subfield code="o">613790000000000573</subfield>
    <subfield code="y">2022-10-17 15:53:51 Europe/Berlin</subfield>
    <subfield code="w">2022-06-21 08:09:09 Europe/Berlin</subfield>
    <subfield code="D">https://eu04.alma.exlibrisgroup.com/view/uresolver/49HBZ_NETWORK/openurl?u.ignore_date_coverage=true&amp;portfolio_pid=5382132500006461&amp;Force_direct=true</subfield>
    <subfield code="s">de Gruyter Online-Zeitschriften Archiv</subfield>
    <subfield code="v">NON_SFX_CREATOR</subfield>
    <subfield code="z">2022-06-21 06:09:09</subfield>
    <subfield code="n"> Available from 1996 volume: 16.</subfield>
    <subfield code="i">true</subfield>
    <subfield code="t">Bestellposten-2023-3390</subfield>
    <subfield code="S">6279985820006461</subfield>
    <subfield code="d">https://hbz-network.userservices.exlibrisgroup.com/view/uresolver/49HBZ_NETWORK/openurl?u.ignore_date_coverage=true&amp;rft.mms_id=9916219546106461</subfield>
    <subfield code="b">Not Available</subfield>
    <subfield code="f">JOURNAL</subfield>
    <subfield code="8">5382132500006461</subfield>
  </datafield>
  <datafield tag="POC" ind1=" " ind2=" ">
    <subfield code="a">5382132500006461</subfield>
    <subfield code="b">1996</subfield>
    <subfield code="d">1</subfield>
    <subfield code="f">1</subfield>
    <subfield code="h">16</subfield>
  </datafield>
  <datafield tag="POR" ind1=" " ind2=" ">
    <subfield code="j">Walter De Gruyter Publishing</subfield>
    <subfield code="x">System</subfield>
    <subfield code="a">53137417580006464</subfield>
    <subfield code="h">EZProxy</subfield>
    <subfield code="M">49HBZ_FUH</subfield>
    <subfield code="p">61136605050006464</subfield>
    <subfield code="q">EZB-NALIG-00476 Walter de Gruyter Online-Zeitschriften Archiv NL</subfield>
    <subfield code="c">param</subfield>
    <subfield code="o">613790000000000573</subfield>
    <subfield code="y">2022-07-26 03:15:16 Europe/Berlin</subfield>
    <subfield code="w">2022-07-05 10:15:25 Europe/Berlin</subfield>
    <subfield code="D">https://eu04.alma.exlibrisgroup.com/view/uresolver/49HBZ_NETWORK/openurl?u.ignore_date_coverage=true&amp;portfolio_pid=53137417580006464&amp;Force_direct=true</subfield>
    <subfield code="v">NON_SFX_CREATOR</subfield>
    <subfield code="z">2022-07-05 08:15:25</subfield>
    <subfield code="n"> Available from 1996 volume: 16.</subfield>
    <subfield code="i">true</subfield>
    <subfield code="S">62136605040006464</subfield>
    <subfield code="d">https://hbz-network.userservices.exlibrisgroup.com/view/uresolver/49HBZ_NETWORK/openurl?u.ignore_date_coverage=true&amp;rft.mms_id=99381829355006464</subfield>
    <subfield code="b">Available</subfield>
    <subfield code="f">JOURNAL</subfield>
    <subfield code="8">53137417580006464</subfield>
  </datafield>
  <datafield tag="POC" ind1=" " ind2=" ">
    <subfield code="a">53137417580006464</subfield>
    <subfield code="b">1996</subfield>
    <subfield code="d">1</subfield>
    <subfield code="f">1</subfield>
    <subfield code="h">16</subfield>
  </datafield>
  <datafield tag="POR" ind1=" " ind2=" ">
    <subfield code="j">EBSCOhost</subfield>
    <subfield code="x">System</subfield>
    <subfield code="a">53149555660006464</subfield>
    <subfield code="h">EZProxy</subfield>
    <subfield code="M">49HBZ_FUH</subfield>
    <subfield code="p">61149360450006464</subfield>
    <subfield code="q">EBSCOhost DACH Information</subfield>
    <subfield code="c">param</subfield>
    <subfield code="o">615470000000001038</subfield>
    <subfield code="y">2023-02-28 08:16:05 Europe/Berlin</subfield>
    <subfield code="w">2023-02-28 08:16:05 Europe/Berlin</subfield>
    <subfield code="D">https://eu04.alma.exlibrisgroup.com/view/uresolver/49HBZ_NETWORK/openurl?u.ignore_date_coverage=true&amp;portfolio_pid=53149555660006464&amp;Force_direct=true</subfield>
    <subfield code="v">System</subfield>
    <subfield code="z">2023-02-28 07:16:05</subfield>
    <subfield code="n"> Available from 01/07/2004.</subfield>
    <subfield code="i">true</subfield>
    <subfield code="S">62149360440006464</subfield>
    <subfield code="d">https://hbz-network.userservices.exlibrisgroup.com/view/uresolver/49HBZ_NETWORK/openurl?u.ignore_date_coverage=true&amp;rft.mms_id=99381829355006464</subfield>
    <subfield code="b">Available</subfield>
    <subfield code="f">JOURNAL</subfield>
    <subfield code="8">53149555660006464</subfield>
  </datafield>
  <datafield tag="POC" ind1=" " ind2=" ">
    <subfield code="a">53149555660006464</subfield>
    <subfield code="b">2004</subfield>
    <subfield code="d">7</subfield>
    <subfield code="f">1</subfield>
  </datafield>
  <datafield tag="POR" ind1=" " ind2=" ">
    <subfield code="j">Ezb</subfield>
    <subfield code="x">System</subfield>
    <subfield code="a">53141137810006464</subfield>
    <subfield code="h">EZProxy</subfield>
    <subfield code="M">49HBZ_FUH</subfield>
    <subfield code="p">61136607210006464</subfield>
    <subfield code="q">EZB-FREE-00999 freely available EZB journals</subfield>
    <subfield code="c">param</subfield>
    <subfield code="o">615280000000001088</subfield>
    <subfield code="y">2022-07-05 10:29:56 Europe/Berlin</subfield>
    <subfield code="w">2022-07-05 10:29:51 Europe/Berlin</subfield>
    <subfield code="D">https://eu04.alma.exlibrisgroup.com/view/uresolver/49HBZ_NETWORK/openurl?u.ignore_date_coverage=true&amp;portfolio_pid=53141137810006464&amp;Force_direct=true</subfield>
    <subfield code="v">NON_SFX_CREATOR</subfield>
    <subfield code="z">2022-07-05 08:29:51</subfield>
    <subfield code="n"> Available from 2022 volume: 42 issue: 1.</subfield>
    <subfield code="i">true</subfield>
    <subfield code="S">62136607200006464</subfield>
    <subfield code="d">https://hbz-network.userservices.exlibrisgroup.com/view/uresolver/49HBZ_NETWORK/openurl?u.ignore_date_coverage=true&amp;rft.mms_id=99381829355006464</subfield>
    <subfield code="b">Available</subfield>
    <subfield code="f">JOURNAL</subfield>
    <subfield code="8">53141137810006464</subfield>
  </datafield>
  <datafield tag="POC" ind1=" " ind2=" ">
    <subfield code="a">53141137810006464</subfield>
    <subfield code="b">2022</subfield>
    <subfield code="d">1</subfield>
    <subfield code="f">1</subfield>
    <subfield code="h">42</subfield>
    <subfield code="j">1</subfield>
  </datafield>
  <datafield tag="POR" ind1=" " ind2=" ">
    <subfield code="j">Walter De Gruyter Publishing</subfield>
    <subfield code="x">System</subfield>
    <subfield code="a">53153104540006464</subfield>
    <subfield code="h">DEFAULT</subfield>
    <subfield code="M">49HBZ_FUH</subfield>
    <subfield code="p">61153020390006464</subfield>
    <subfield code="q">Konvolut B (Read Only) 2023</subfield>
    <subfield code="c">param</subfield>
    <subfield code="o">615410000000003144</subfield>
    <subfield code="y">2023-07-26 11:26:40 Europe/Berlin</subfield>
    <subfield code="w">2023-07-26 11:26:40 Europe/Berlin</subfield>
    <subfield code="D">https://eu04.alma.exlibrisgroup.com/view/uresolver/49HBZ_NETWORK/openurl?u.ignore_date_coverage=true&amp;portfolio_pid=53153104540006464&amp;Force_direct=true</subfield>
    <subfield code="v">System</subfield>
    <subfield code="z">2023-07-26 09:26:40</subfield>
    <subfield code="n"> Available from 01/03/1996 volume: 16.</subfield>
    <subfield code="i">true</subfield>
    <subfield code="t">FUHA-4594</subfield>
    <subfield code="S">62153020380006464</subfield>
    <subfield code="d">https://hbz-network.userservices.exlibrisgroup.com/view/uresolver/49HBZ_NETWORK/openurl?u.ignore_date_coverage=true&amp;rft.mms_id=99381829355006464</subfield>
    <subfield code="b">Available</subfield>
    <subfield code="f">JOURNAL</subfield>
    <subfield code="8">53153104540006464</subfield>
  </datafield>
  <datafield tag="POC" ind1=" " ind2=" ">
    <subfield code="a">53153104540006464</subfield>
    <subfield code="b">1996</subfield>
    <subfield code="d">3</subfield>
    <subfield code="f">1</subfield>
    <subfield code="h">16</subfield>
  </datafield>
  <datafield tag="POR" ind1=" " ind2=" ">
    <subfield code="j">Walter De Gruyter Publishing</subfield>
    <subfield code="x">System</subfield>
    <subfield code="a">53137729250006464</subfield>
    <subfield code="h">EZProxy</subfield>
    <subfield code="M">49HBZ_FUH</subfield>
    <subfield code="p">61136605770006464</subfield>
    <subfield code="q">EZB-NALFK-00448 Walter de Gruyter Online-Zeitschriften LLH1 AL</subfield>
    <subfield code="c">param</subfield>
    <subfield code="o">613790000000000582</subfield>
    <subfield code="y">2022-07-05 10:16:38 Europe/Berlin</subfield>
    <subfield code="w">2022-07-05 10:16:35 Europe/Berlin</subfield>
    <subfield code="D">https://eu04.alma.exlibrisgroup.com/view/uresolver/49HBZ_NETWORK/openurl?u.ignore_date_coverage=true&amp;portfolio_pid=53137729250006464&amp;Force_direct=true</subfield>
    <subfield code="v">NON_SFX_CREATOR</subfield>
    <subfield code="z">2022-07-05 08:16:35</subfield>
    <subfield code="n"> Available from 1996 volume: 16.</subfield>
    <subfield code="i">true</subfield>
    <subfield code="S">62136605760006464</subfield>
    <subfield code="d">https://hbz-network.userservices.exlibrisgroup.com/view/uresolver/49HBZ_NETWORK/openurl?u.ignore_date_coverage=true&amp;rft.mms_id=99381829355006464</subfield>
    <subfield code="b">Available</subfield>
    <subfield code="f">JOURNAL</subfield>
    <subfield code="8">53137729250006464</subfield>
  </datafield>
  <datafield tag="POC" ind1=" " ind2=" ">
    <subfield code="a">53137729250006464</subfield>
    <subfield code="b">1996</subfield>
    <subfield code="d">1</subfield>
    <subfield code="f">1</subfield>
    <subfield code="h">16</subfield>
  </datafield>
  <datafield tag="POR" ind1=" " ind2=" ">
    <subfield code="j">Walter De Gruyter Publishing</subfield>
    <subfield code="x">System</subfield>
    <subfield code="a">5385583960006444</subfield>
    <subfield code="M">49HBZ_FHA</subfield>
    <subfield code="p">6185052910006444</subfield>
    <subfield code="r">DEGRUYTER</subfield>
    <subfield code="q">de Gruyter Zeitschriften-Archiv</subfield>
    <subfield code="c">param</subfield>
    <subfield code="o">613790000000000573</subfield>
    <subfield code="y">2022-07-11 01:13:42 Europe/Berlin</subfield>
    <subfield code="w">2021-04-20 18:50:16 Europe/Berlin</subfield>
    <subfield code="D">https://eu04.alma.exlibrisgroup.com/view/uresolver/49HBZ_NETWORK/openurl?u.ignore_date_coverage=true&amp;portfolio_pid=5385583960006444&amp;Force_direct=true</subfield>
    <subfield code="s">De Gruyter AGB</subfield>
    <subfield code="v">NON_SFX_CREATOR</subfield>
    <subfield code="z">2021-04-20 16:50:16</subfield>
    <subfield code="n"> Available from 1996 volume: 16.</subfield>
    <subfield code="i">false</subfield>
    <subfield code="S">6285052900006444</subfield>
    <subfield code="d">https://hbz-network.userservices.exlibrisgroup.com/view/uresolver/49HBZ_NETWORK/openurl?u.ignore_date_coverage=true&amp;rft.mms_id=991005821828906444</subfield>
    <subfield code="b">Available</subfield>
    <subfield code="f">JOURNAL</subfield>
    <subfield code="8">5385583960006444</subfield>
  </datafield>
  <datafield tag="POC" ind1=" " ind2=" ">
    <subfield code="a">5385583960006444</subfield>
    <subfield code="b">1996</subfield>
    <subfield code="d">1</subfield>
    <subfield code="f">1</subfield>
    <subfield code="h">16</subfield>
  </datafield>
  <datafield tag="POR" ind1=" " ind2=" ">
    <subfield code="j">Walter De Gruyter Publishing</subfield>
    <subfield code="x">System</subfield>
    <subfield code="a">5324315100006450</subfield>
    <subfield code="M">49HBZ_HBI</subfield>
    <subfield code="p">6122543470006450</subfield>
    <subfield code="q">EZB-NALIG-00476 Walter de Gruyter Online-Zeitschriften Archiv NL</subfield>
    <subfield code="c">param</subfield>
    <subfield code="o">613790000000000573</subfield>
    <subfield code="y">2022-07-17 16:50:44 Europe/Berlin</subfield>
    <subfield code="w">2022-07-17 16:50:39 Europe/Berlin</subfield>
    <subfield code="D">https://eu04.alma.exlibrisgroup.com/view/uresolver/49HBZ_NETWORK/openurl?u.ignore_date_coverage=true&amp;portfolio_pid=5324315100006450&amp;Force_direct=true</subfield>
    <subfield code="v">NON_SFX_CREATOR</subfield>
    <subfield code="z">2022-07-17 14:50:39</subfield>
    <subfield code="n"> Available from 1996 volume: 16.</subfield>
    <subfield code="i">false</subfield>
    <subfield code="S">6222543460006450</subfield>
    <subfield code="d">https://hbz-network.userservices.exlibrisgroup.com/view/uresolver/49HBZ_NETWORK/openurl?u.ignore_date_coverage=true&amp;rft.mms_id=991005482849106450</subfield>
    <subfield code="b">Available</subfield>
    <subfield code="f">JOURNAL</subfield>
    <subfield code="8">5324315100006450</subfield>
  </datafield>
  <datafield tag="POC" ind1=" " ind2=" ">
    <subfield code="a">5324315100006450</subfield>
    <subfield code="b">1996</subfield>
    <subfield code="d">1</subfield>
    <subfield code="f">1</subfield>
    <subfield code="h">16</subfield>
  </datafield>
  <datafield tag="POR" ind1=" " ind2=" ">
    <subfield code="j">EBSCOhost</subfield>
    <subfield code="x">System</subfield>
    <subfield code="a">5318214380006454</subfield>
    <subfield code="M">49HBZ_HBO</subfield>
    <subfield code="p">6118194660006454</subfield>
    <subfield code="q">EBSCOhost DACH Information</subfield>
    <subfield code="c">param</subfield>
    <subfield code="o">615470000000001038</subfield>
    <subfield code="y">2023-04-14 15:30:45 Europe/Berlin</subfield>
    <subfield code="w">2023-04-14 15:29:41 Europe/Berlin</subfield>
    <subfield code="D">https://eu04.alma.exlibrisgroup.com/view/uresolver/49HBZ_NETWORK/openurl?u.ignore_date_coverage=true&amp;portfolio_pid=5318214380006454&amp;Force_direct=true</subfield>
    <subfield code="v">System</subfield>
    <subfield code="z">2023-04-14 13:29:41</subfield>
    <subfield code="n"> Available from 01/07/2004.</subfield>
    <subfield code="i">false</subfield>
    <subfield code="t">2023-1383</subfield>
    <subfield code="S">6218205230006454</subfield>
    <subfield code="d">https://hbz-network.userservices.exlibrisgroup.com/view/uresolver/49HBZ_NETWORK/openurl?u.ignore_date_coverage=true&amp;rft.mms_id=991000410720206454</subfield>
    <subfield code="b">Available</subfield>
    <subfield code="f">JOURNAL</subfield>
    <subfield code="8">5318214380006454</subfield>
  </datafield>
  <datafield tag="POC" ind1=" " ind2=" ">
    <subfield code="a">5318214380006454</subfield>
    <subfield code="b">2004</subfield>
    <subfield code="d">7</subfield>
    <subfield code="f">1</subfield>
  </datafield>
  <datafield tag="POR" ind1=" " ind2=" ">
    <subfield code="j">Walter De Gruyter Publishing</subfield>
    <subfield code="x">System</subfield>
    <subfield code="a">5352012540006452</subfield>
    <subfield code="M">49HBZ_BRS</subfield>
    <subfield code="k">Zugriff im Hochschulnetz
Access in the university network</subfield>
    <subfield code="p">6150516010006452</subfield>
    <subfield code="q">De Gruyter Online-Zeitschriften Archiv</subfield>
    <subfield code="c">param</subfield>
    <subfield code="B">Nationallizenz</subfield>
    <subfield code="o">613790000000000573</subfield>
    <subfield code="y">2022-07-28 01:56:16 Europe/Berlin</subfield>
    <subfield code="w">2022-07-07 21:02:43 Europe/Berlin</subfield>
    <subfield code="D">https://eu04.alma.exlibrisgroup.com/view/uresolver/49HBZ_NETWORK/openurl?u.ignore_date_coverage=true&amp;portfolio_pid=5352012540006452&amp;Force_direct=true</subfield>
    <subfield code="v">NON_SFX_CREATOR</subfield>
    <subfield code="z">2022-07-07 19:02:43</subfield>
    <subfield code="n"> Available from 1996 volume: 16.</subfield>
    <subfield code="i">false</subfield>
    <subfield code="S">6250516000006452</subfield>
    <subfield code="d">https://hbz-network.userservices.exlibrisgroup.com/view/uresolver/49HBZ_NETWORK/openurl?u.ignore_date_coverage=true&amp;rft.mms_id=991005694326706452</subfield>
    <subfield code="b">Available</subfield>
    <subfield code="f">JOURNAL</subfield>
    <subfield code="8">5352012540006452</subfield>
  </datafield>
  <datafield tag="POC" ind1=" " ind2=" ">
    <subfield code="a">5352012540006452</subfield>
    <subfield code="b">1996</subfield>
    <subfield code="d">1</subfield>
    <subfield code="f">1</subfield>
    <subfield code="h">16</subfield>
  </datafield>
  <datafield tag="POR" ind1=" " ind2=" ">
    <subfield code="j">Walter De Gruyter Publishing</subfield>
    <subfield code="x">System</subfield>
    <subfield code="a">5337268030006455</subfield>
    <subfield code="h">DEFAULT</subfield>
    <subfield code="M">49HBZ_HSD</subfield>
    <subfield code="p">6136672380006455</subfield>
    <subfield code="q">EZB-NALIG-00476 Walter de Gruyter Online-Zeitschriften Archiv NL</subfield>
    <subfield code="c">param</subfield>
    <subfield code="o">613790000000000573</subfield>
    <subfield code="y">2022-08-09 16:02:12 Europe/Berlin</subfield>
    <subfield code="w">2022-08-09 16:02:07 Europe/Berlin</subfield>
    <subfield code="D">https://eu04.alma.exlibrisgroup.com/view/uresolver/49HBZ_NETWORK/openurl?u.ignore_date_coverage=true&amp;portfolio_pid=5337268030006455&amp;Force_direct=true</subfield>
    <subfield code="v">NON_SFX_CREATOR</subfield>
    <subfield code="z">2022-08-09 14:02:07</subfield>
    <subfield code="n"> Available from 1996 volume: 16.</subfield>
    <subfield code="i">true</subfield>
    <subfield code="S">6236672370006455</subfield>
    <subfield code="d">https://hbz-network.userservices.exlibrisgroup.com/view/uresolver/49HBZ_NETWORK/openurl?u.ignore_date_coverage=true&amp;rft.mms_id=991005617479506455</subfield>
    <subfield code="b">Available</subfield>
    <subfield code="f">JOURNAL</subfield>
    <subfield code="8">5337268030006455</subfield>
  </datafield>
  <datafield tag="POC" ind1=" " ind2=" ">
    <subfield code="a">5337268030006455</subfield>
    <subfield code="b">1996</subfield>
    <subfield code="d">1</subfield>
    <subfield code="f">1</subfield>
    <subfield code="h">16</subfield>
  </datafield>
  <datafield tag="POR" ind1=" " ind2=" ">
    <subfield code="j">Walter De Gruyter Publishing</subfield>
    <subfield code="x">System</subfield>
    <subfield code="a">5331232610006482</subfield>
    <subfield code="M">49HBZ_HHL</subfield>
    <subfield code="p">6131032100006482</subfield>
    <subfield code="q">EZB-NALIG-00476 Walter de Gruyter Online-Zeitschriften Archiv NL</subfield>
    <subfield code="c">param</subfield>
    <subfield code="o">613790000000000573</subfield>
    <subfield code="y">2023-08-08 10:41:01 Europe/Berlin</subfield>
    <subfield code="w">2023-08-08 10:40:56 Europe/Berlin</subfield>
    <subfield code="D">https://eu04.alma.exlibrisgroup.com/view/uresolver/49HBZ_NETWORK/openurl?u.ignore_date_coverage=true&amp;portfolio_pid=5331232610006482&amp;Force_direct=true</subfield>
    <subfield code="v">NON_SFX_CREATOR</subfield>
    <subfield code="z">2023-08-08 08:40:56</subfield>
    <subfield code="n"> Available from 1996 volume: 16.</subfield>
    <subfield code="i">false</subfield>
    <subfield code="S">6231032090006482</subfield>
    <subfield code="d">https://hbz-network.userservices.exlibrisgroup.com/view/uresolver/49HBZ_NETWORK/openurl?u.ignore_date_coverage=true&amp;rft.mms_id=991001196541406482</subfield>
    <subfield code="b">Available</subfield>
    <subfield code="f">JOURNAL</subfield>
    <subfield code="8">5331232610006482</subfield>
  </datafield>
  <datafield tag="POC" ind1=" " ind2=" ">
    <subfield code="a">5331232610006482</subfield>
    <subfield code="b">1996</subfield>
    <subfield code="d">1</subfield>
    <subfield code="f">1</subfield>
    <subfield code="h">16</subfield>
  </datafield>
  <datafield tag="POR" ind1=" " ind2=" ">
    <subfield code="j">Walter De Gruyter Publishing</subfield>
    <subfield code="x">System</subfield>
    <subfield code="a">5349662860008056</subfield>
    <subfield code="h">DEFAULT</subfield>
    <subfield code="M">49HBZ_HSN</subfield>
    <subfield code="p">6149245020008056</subfield>
    <subfield code="q">EZB-NALIG-00476 Walter de Gruyter Online-Zeitschriften Archiv NL</subfield>
    <subfield code="c">param</subfield>
    <subfield code="o">613790000000000573</subfield>
    <subfield code="y">2023-07-25 17:44:12 Europe/Berlin</subfield>
    <subfield code="w">2023-07-25 17:43:58 Europe/Berlin</subfield>
    <subfield code="D">https://eu04.alma.exlibrisgroup.com/view/uresolver/49HBZ_NETWORK/openurl?u.ignore_date_coverage=true&amp;portfolio_pid=5349662860008056&amp;Force_direct=true</subfield>
    <subfield code="v">NON_SFX_CREATOR</subfield>
    <subfield code="z">2023-07-25 15:43:58</subfield>
    <subfield code="n"> Available from 1996 volume: 16.</subfield>
    <subfield code="i">true</subfield>
    <subfield code="S">6249245010008056</subfield>
    <subfield code="d">https://hbz-network.userservices.exlibrisgroup.com/view/uresolver/49HBZ_NETWORK/openurl?u.ignore_date_coverage=true&amp;rft.mms_id=991008986786508056</subfield>
    <subfield code="b">Available</subfield>
    <subfield code="f">JOURNAL</subfield>
    <subfield code="8">5349662860008056</subfield>
  </datafield>
  <datafield tag="POC" ind1=" " ind2=" ">
    <subfield code="a">5349662860008056</subfield>
    <subfield code="b">1996</subfield>
    <subfield code="d">1</subfield>
    <subfield code="f">1</subfield>
    <subfield code="h">16</subfield>
  </datafield>
  <datafield tag="POR" ind1=" " ind2=" ">
    <subfield code="j">Walter De Gruyter Publishing</subfield>
    <subfield code="x">System</subfield>
    <subfield code="a">5340938590006468</subfield>
    <subfield code="M">49HBZ_OWL</subfield>
    <subfield code="p">6140783320006468</subfield>
    <subfield code="q">EZB-NALIG-00476 Walter de Gruyter Online-Zeitschriften Archiv NL</subfield>
    <subfield code="c">param</subfield>
    <subfield code="o">613790000000000573</subfield>
    <subfield code="y">2023-07-18 17:25:23 Europe/Berlin</subfield>
    <subfield code="w">2023-07-18 17:25:11 Europe/Berlin</subfield>
    <subfield code="D">https://eu04.alma.exlibrisgroup.com/view/uresolver/49HBZ_NETWORK/openurl?u.ignore_date_coverage=true&amp;portfolio_pid=5340938590006468&amp;Force_direct=true</subfield>
    <subfield code="v">NON_SFX_CREATOR</subfield>
    <subfield code="z">2023-07-18 15:25:11</subfield>
    <subfield code="n"> Available from 1996 volume: 16.</subfield>
    <subfield code="i">false</subfield>
    <subfield code="S">6240783310006468</subfield>
    <subfield code="d">https://hbz-network.userservices.exlibrisgroup.com/view/uresolver/49HBZ_NETWORK/openurl?u.ignore_date_coverage=true&amp;rft.mms_id=991004336005906468</subfield>
    <subfield code="b">Available</subfield>
    <subfield code="f">JOURNAL</subfield>
    <subfield code="8">5340938590006468</subfield>
  </datafield>
  <datafield tag="POC" ind1=" " ind2=" ">
    <subfield code="a">5340938590006468</subfield>
    <subfield code="b">1996</subfield>
    <subfield code="d">1</subfield>
    <subfield code="f">1</subfield>
    <subfield code="h">16</subfield>
  </datafield>
  <datafield tag="POR" ind1=" " ind2=" ">
    <subfield code="j">Walter De Gruyter Publishing</subfield>
    <subfield code="x">System</subfield>
    <subfield code="a">5319401000006479</subfield>
    <subfield code="h">DEFAULT</subfield>
    <subfield code="M">49HBZ_RHW</subfield>
    <subfield code="p">6118025680006479</subfield>
    <subfield code="q">EZB-NALIG-00476 Walter de Gruyter Online-Zeitschriften Archiv NL</subfield>
    <subfield code="c">param</subfield>
    <subfield code="o">613790000000000573</subfield>
    <subfield code="y">2023-08-14 15:52:28 Europe/Berlin</subfield>
    <subfield code="w">2023-08-14 15:52:16 Europe/Berlin</subfield>
    <subfield code="D">https://eu04.alma.exlibrisgroup.com/view/uresolver/49HBZ_NETWORK/openurl?u.ignore_date_coverage=true&amp;portfolio_pid=5319401000006479&amp;Force_direct=true</subfield>
    <subfield code="v">NON_SFX_CREATOR</subfield>
    <subfield code="z">2023-08-14 13:52:16</subfield>
    <subfield code="n"> Available from 1996 volume: 16.</subfield>
    <subfield code="i">true</subfield>
    <subfield code="S">6218025670006479</subfield>
    <subfield code="d">https://hbz-network.userservices.exlibrisgroup.com/view/uresolver/49HBZ_NETWORK/openurl?u.ignore_date_coverage=true&amp;rft.mms_id=991002750769406479</subfield>
    <subfield code="b">Available</subfield>
    <subfield code="f">JOURNAL</subfield>
    <subfield code="8">5319401000006479</subfield>
  </datafield>
  <datafield tag="POC" ind1=" " ind2=" ">
    <subfield code="a">5319401000006479</subfield>
    <subfield code="b">1996</subfield>
    <subfield code="d">1</subfield>
    <subfield code="f">1</subfield>
    <subfield code="h">16</subfield>
  </datafield>
  <datafield tag="POR" ind1=" " ind2=" ">
    <subfield code="j">Walter De Gruyter Publishing</subfield>
    <subfield code="x">System</subfield>
    <subfield code="a">5319505870006479</subfield>
    <subfield code="h">DEFAULT</subfield>
    <subfield code="M">49HBZ_RHW</subfield>
    <subfield code="p">6119507160006479</subfield>
    <subfield code="q">De Gruyter journals</subfield>
    <subfield code="c">param</subfield>
    <subfield code="o">61110974475531562</subfield>
    <subfield code="y">2023-08-16 15:25:06 Europe/Berlin</subfield>
    <subfield code="w">2023-08-16 15:25:06 Europe/Berlin</subfield>
    <subfield code="D">https://eu04.alma.exlibrisgroup.com/view/uresolver/49HBZ_NETWORK/openurl?u.ignore_date_coverage=true&amp;portfolio_pid=5319505870006479&amp;Force_direct=true</subfield>
    <subfield code="v">NON_SFX_CREATOR</subfield>
    <subfield code="z">2023-08-16 13:25:06</subfield>
    <subfield code="n"> Available from 1996 volume: 16 issue: 1.</subfield>
    <subfield code="i">true</subfield>
    <subfield code="S">6219507150006479</subfield>
    <subfield code="d">https://hbz-network.userservices.exlibrisgroup.com/view/uresolver/49HBZ_NETWORK/openurl?u.ignore_date_coverage=true&amp;rft.mms_id=991002750769406479</subfield>
    <subfield code="b">Available</subfield>
    <subfield code="f">JOURNAL</subfield>
    <subfield code="8">5319505870006479</subfield>
  </datafield>
  <datafield tag="POC" ind1=" " ind2=" ">
    <subfield code="a">5319505870006479</subfield>
    <subfield code="b">1996</subfield>
    <subfield code="d">1</subfield>
    <subfield code="f">1</subfield>
    <subfield code="h">16</subfield>
    <subfield code="j">1</subfield>
  </datafield>
  <datafield tag="POR" ind1=" " ind2=" ">
    <subfield code="j">Walter De Gruyter Publishing</subfield>
    <subfield code="x">System</subfield>
    <subfield code="a">53101634200006483</subfield>
    <subfield code="h">DEFAULT</subfield>
    <subfield code="M">49HBZ_EVH</subfield>
    <subfield code="p">61101322420006483</subfield>
    <subfield code="q">EZB-NALIG-00476 Walter de Gruyter Online-Zeitschriften Archiv NL</subfield>
    <subfield code="c">param</subfield>
    <subfield code="o">613790000000000573</subfield>
    <subfield code="y">2023-08-17 15:42:55 Europe/Berlin</subfield>
    <subfield code="w">2023-08-17 15:42:41 Europe/Berlin</subfield>
    <subfield code="D">https://eu04.alma.exlibrisgroup.com/view/uresolver/49HBZ_NETWORK/openurl?u.ignore_date_coverage=true&amp;portfolio_pid=53101634200006483&amp;Force_direct=true</subfield>
    <subfield code="v">NON_SFX_CREATOR</subfield>
    <subfield code="z">2023-08-17 13:42:41</subfield>
    <subfield code="n"> Available from 1996 volume: 16.</subfield>
    <subfield code="i">true</subfield>
    <subfield code="S">62101322410006483</subfield>
    <subfield code="d">https://hbz-network.userservices.exlibrisgroup.com/view/uresolver/49HBZ_NETWORK/openurl?u.ignore_date_coverage=true&amp;rft.mms_id=991001317956106483</subfield>
    <subfield code="b">Available</subfield>
    <subfield code="f">JOURNAL</subfield>
    <subfield code="8">53101634200006483</subfield>
  </datafield>
  <datafield tag="POC" ind1=" " ind2=" ">
    <subfield code="a">53101634200006483</subfield>
    <subfield code="b">1996</subfield>
    <subfield code="d">1</subfield>
    <subfield code="f">1</subfield>
    <subfield code="h">16</subfield>
  </datafield>
  <datafield tag="POR" ind1=" " ind2=" ">
    <subfield code="j">Walter De Gruyter Publishing</subfield>
    <subfield code="x">System</subfield>
    <subfield code="a">5323323830006453</subfield>
    <subfield code="h">DEFAULT</subfield>
    <subfield code="M">49HBZ_RUW</subfield>
    <subfield code="p">6122720980006453</subfield>
    <subfield code="q">EZB-NALIG-00476 Walter de Gruyter Online-Zeitschriften Archiv NL</subfield>
    <subfield code="c">param</subfield>
    <subfield code="o">613790000000000573</subfield>
    <subfield code="y">2022-07-17 12:57:46 Europe/Berlin</subfield>
    <subfield code="w">2022-07-17 12:57:40 Europe/Berlin</subfield>
    <subfield code="D">https://eu04.alma.exlibrisgroup.com/view/uresolver/49HBZ_NETWORK/openurl?u.ignore_date_coverage=true&amp;portfolio_pid=5323323830006453&amp;Force_direct=true</subfield>
    <subfield code="v">NON_SFX_CREATOR</subfield>
    <subfield code="z">2022-07-17 10:57:40</subfield>
    <subfield code="n"> Available from 1996 volume: 16.</subfield>
    <subfield code="i">true</subfield>
    <subfield code="S">6222720970006453</subfield>
    <subfield code="d">https://hbz-network.userservices.exlibrisgroup.com/view/uresolver/49HBZ_NETWORK/openurl?u.ignore_date_coverage=true&amp;rft.mms_id=991004112696706453</subfield>
    <subfield code="b">Available</subfield>
    <subfield code="f">JOURNAL</subfield>
    <subfield code="8">5323323830006453</subfield>
  </datafield>
  <datafield tag="POC" ind1=" " ind2=" ">
    <subfield code="a">5323323830006453</subfield>
    <subfield code="b">1996</subfield>
    <subfield code="d">1</subfield>
    <subfield code="f">1</subfield>
    <subfield code="h">16</subfield>
  </datafield>
  <datafield tag="POR" ind1=" " ind2=" ">
    <subfield code="j">Walter De Gruyter Publishing</subfield>
    <subfield code="x">System</subfield>
    <subfield code="a">5320046120006481</subfield>
    <subfield code="M">49HBZ_HGB</subfield>
    <subfield code="p">6119709790006481</subfield>
    <subfield code="q">EZB-NALIG-00476 Walter de Gruyter Online-Zeitschriften Archiv NL</subfield>
    <subfield code="c">param</subfield>
    <subfield code="o">613790000000000573</subfield>
    <subfield code="y">2023-07-17 18:13:38 Europe/Berlin</subfield>
    <subfield code="w">2023-07-17 18:13:30 Europe/Berlin</subfield>
    <subfield code="D">https://eu04.alma.exlibrisgroup.com/view/uresolver/49HBZ_NETWORK/openurl?u.ignore_date_coverage=true&amp;portfolio_pid=5320046120006481&amp;Force_direct=true</subfield>
    <subfield code="v">NON_SFX_CREATOR</subfield>
    <subfield code="z">2023-07-17 16:13:30</subfield>
    <subfield code="n"> Available from 1996 volume: 16.</subfield>
    <subfield code="i">false</subfield>
    <subfield code="S">6219709780006481</subfield>
    <subfield code="d">https://hbz-network.userservices.exlibrisgroup.com/view/uresolver/49HBZ_NETWORK/openurl?u.ignore_date_coverage=true&amp;rft.mms_id=991000893367206481</subfield>
    <subfield code="b">Available</subfield>
    <subfield code="f">JOURNAL</subfield>
    <subfield code="8">5320046120006481</subfield>
  </datafield>
  <datafield tag="POC" ind1=" " ind2=" ">
    <subfield code="a">5320046120006481</subfield>
    <subfield code="b">1996</subfield>
    <subfield code="d">1</subfield>
    <subfield code="f">1</subfield>
    <subfield code="h">16</subfield>
  </datafield>
  <datafield tag="POR" ind1=" " ind2=" ">
    <subfield code="j">Walter De Gruyter Publishing</subfield>
    <subfield code="x">System</subfield>
    <subfield code="a">5320026740006481</subfield>
    <subfield code="M">49HBZ_HGB</subfield>
    <subfield code="p">6119710090006481</subfield>
    <subfield code="q">EZB-NALFK-00448 Walter de Gruyter Online-Zeitschriften LLH1 AL</subfield>
    <subfield code="c">param</subfield>
    <subfield code="o">613790000000000582</subfield>
    <subfield code="y">2023-07-17 18:13:21 Europe/Berlin</subfield>
    <subfield code="w">2023-07-17 18:13:16 Europe/Berlin</subfield>
    <subfield code="D">https://eu04.alma.exlibrisgroup.com/view/uresolver/49HBZ_NETWORK/openurl?u.ignore_date_coverage=true&amp;portfolio_pid=5320026740006481&amp;Force_direct=true</subfield>
    <subfield code="v">NON_SFX_CREATOR</subfield>
    <subfield code="z">2023-07-17 16:13:16</subfield>
    <subfield code="n"> Available from 1996 volume: 16.</subfield>
    <subfield code="i">false</subfield>
    <subfield code="S">6219710080006481</subfield>
    <subfield code="d">https://hbz-network.userservices.exlibrisgroup.com/view/uresolver/49HBZ_NETWORK/openurl?u.ignore_date_coverage=true&amp;rft.mms_id=991000893367206481</subfield>
    <subfield code="b">Available</subfield>
    <subfield code="f">JOURNAL</subfield>
    <subfield code="8">5320026740006481</subfield>
  </datafield>
  <datafield tag="POC" ind1=" " ind2=" ">
    <subfield code="a">5320026740006481</subfield>
    <subfield code="b">1996</subfield>
    <subfield code="d">1</subfield>
    <subfield code="f">1</subfield>
    <subfield code="h">16</subfield>
  </datafield>
  <datafield tag="POR" ind1=" " ind2=" ">
    <subfield code="j">EBSCOhost</subfield>
    <subfield code="x">System</subfield>
    <subfield code="a">5331714390006474</subfield>
    <subfield code="M">49HBZ_KHO</subfield>
    <subfield code="p">6131358610006474</subfield>
    <subfield code="q">EBSCOhost DACH Information</subfield>
    <subfield code="c">param</subfield>
    <subfield code="o">615470000000001038</subfield>
    <subfield code="y">2023-07-26 11:56:01 Europe/Berlin</subfield>
    <subfield code="w">2023-07-26 11:55:47 Europe/Berlin</subfield>
    <subfield code="D">https://eu04.alma.exlibrisgroup.com/view/uresolver/49HBZ_NETWORK/openurl?u.ignore_date_coverage=true&amp;portfolio_pid=5331714390006474&amp;Force_direct=true</subfield>
    <subfield code="v">NON_SFX_CREATOR</subfield>
    <subfield code="z">2023-07-26 09:55:47</subfield>
    <subfield code="n"> Available from 01/07/2004.</subfield>
    <subfield code="i">false</subfield>
    <subfield code="S">6231358600006474</subfield>
    <subfield code="d">https://hbz-network.userservices.exlibrisgroup.com/view/uresolver/49HBZ_NETWORK/openurl?u.ignore_date_coverage=true&amp;rft.mms_id=991007151365906474</subfield>
    <subfield code="b">Available</subfield>
    <subfield code="f">JOURNAL</subfield>
    <subfield code="8">5331714390006474</subfield>
  </datafield>
  <datafield tag="POC" ind1=" " ind2=" ">
    <subfield code="a">5331714390006474</subfield>
    <subfield code="b">2004</subfield>
    <subfield code="d">7</subfield>
    <subfield code="f">1</subfield>
  </datafield>
  <datafield tag="POR" ind1=" " ind2=" ">
    <subfield code="j">Walter De Gruyter Publishing</subfield>
    <subfield code="x">System</subfield>
    <subfield code="a">5331475990006474</subfield>
    <subfield code="M">49HBZ_KHO</subfield>
    <subfield code="p">6131357920006474</subfield>
    <subfield code="q">EZB-NALIG-00476 Walter de Gruyter Online-Zeitschriften Archiv NL</subfield>
    <subfield code="c">param</subfield>
    <subfield code="o">613790000000000573</subfield>
    <subfield code="y">2023-07-26 11:54:20 Europe/Berlin</subfield>
    <subfield code="w">2023-07-26 11:54:07 Europe/Berlin</subfield>
    <subfield code="D">https://eu04.alma.exlibrisgroup.com/view/uresolver/49HBZ_NETWORK/openurl?u.ignore_date_coverage=true&amp;portfolio_pid=5331475990006474&amp;Force_direct=true</subfield>
    <subfield code="v">NON_SFX_CREATOR</subfield>
    <subfield code="z">2023-07-26 09:54:07</subfield>
    <subfield code="n"> Available from 1996 volume: 16.</subfield>
    <subfield code="i">false</subfield>
    <subfield code="S">6231357910006474</subfield>
    <subfield code="d">https://hbz-network.userservices.exlibrisgroup.com/view/uresolver/49HBZ_NETWORK/openurl?u.ignore_date_coverage=true&amp;rft.mms_id=991007151365906474</subfield>
    <subfield code="b">Available</subfield>
    <subfield code="f">JOURNAL</subfield>
    <subfield code="8">5331475990006474</subfield>
  </datafield>
  <datafield tag="POC" ind1=" " ind2=" ">
    <subfield code="a">5331475990006474</subfield>
    <subfield code="b">1996</subfield>
    <subfield code="d">1</subfield>
    <subfield code="f">1</subfield>
    <subfield code="h">16</subfield>
  </datafield>
  <datafield tag="POR" ind1=" " ind2=" ">
    <subfield code="j">Ezb</subfield>
    <subfield code="x">System</subfield>
    <subfield code="a">53119227590007476</subfield>
    <subfield code="M">49HBZ_RTU</subfield>
    <subfield code="p">61116949210007476</subfield>
    <subfield code="q">Frei zugängliche E-Journals (Freely available e-journals)</subfield>
    <subfield code="c">param</subfield>
    <subfield code="o">615280000000001088</subfield>
    <subfield code="y">2022-09-21 12:02:09 Europe/Berlin</subfield>
    <subfield code="w">2022-09-21 12:02:09 Europe/Berlin</subfield>
    <subfield code="D">https://eu04.alma.exlibrisgroup.com/view/uresolver/49HBZ_NETWORK/openurl?u.ignore_date_coverage=true&amp;portfolio_pid=53119227590007476&amp;Force_direct=true</subfield>
    <subfield code="v">System</subfield>
    <subfield code="z">2022-09-21 10:02:09</subfield>
    <subfield code="n"> Available from 2022 volume: 42 issue: 1.</subfield>
    <subfield code="i">false</subfield>
    <subfield code="S">62116949200007476</subfield>
    <subfield code="d">https://hbz-network.userservices.exlibrisgroup.com/view/uresolver/49HBZ_NETWORK/openurl?u.ignore_date_coverage=true&amp;rft.mms_id=992022008758307476</subfield>
    <subfield code="b">Available</subfield>
    <subfield code="f">JOURNAL</subfield>
    <subfield code="8">53119227590007476</subfield>
  </datafield>
  <datafield tag="POC" ind1=" " ind2=" ">
    <subfield code="a">53119227590007476</subfield>
    <subfield code="b">2022</subfield>
    <subfield code="d">1</subfield>
    <subfield code="f">1</subfield>
    <subfield code="h">42</subfield>
    <subfield code="j">1</subfield>
  </datafield>
  <datafield tag="POR" ind1=" " ind2=" ">
    <subfield code="j">Walter De Gruyter Publishing</subfield>
    <subfield code="x">System</subfield>
    <subfield code="a">53109900770007476</subfield>
    <subfield code="M">49HBZ_RTU</subfield>
    <subfield code="p">61109371230007476</subfield>
    <subfield code="q">De Gruyter journals</subfield>
    <subfield code="c">param</subfield>
    <subfield code="o">61110974475531562</subfield>
    <subfield code="y">2022-07-13 11:43:09 Europe/Berlin</subfield>
    <subfield code="w">2022-07-13 11:43:08 Europe/Berlin</subfield>
    <subfield code="D">https://eu04.alma.exlibrisgroup.com/view/uresolver/49HBZ_NETWORK/openurl?u.ignore_date_coverage=true&amp;portfolio_pid=53109900770007476&amp;Force_direct=true</subfield>
    <subfield code="v">NON_SFX_CREATOR</subfield>
    <subfield code="z">2022-07-13 09:43:08</subfield>
    <subfield code="n"> Available from 2015 volume: 35.</subfield>
    <subfield code="i">false</subfield>
    <subfield code="S">62109371220007476</subfield>
    <subfield code="d">https://hbz-network.userservices.exlibrisgroup.com/view/uresolver/49HBZ_NETWORK/openurl?u.ignore_date_coverage=true&amp;rft.mms_id=992022008758307476</subfield>
    <subfield code="b">Available</subfield>
    <subfield code="f">JOURNAL</subfield>
    <subfield code="8">53109900770007476</subfield>
  </datafield>
  <datafield tag="POC" ind1=" " ind2=" ">
    <subfield code="a">53109900770007476</subfield>
    <subfield code="b">2015</subfield>
    <subfield code="d">1</subfield>
    <subfield code="f">1</subfield>
    <subfield code="h">35</subfield>
  </datafield>
  <datafield tag="POR" ind1=" " ind2=" ">
    <subfield code="j">Walter De Gruyter Publishing</subfield>
    <subfield code="x">System</subfield>
    <subfield code="a">53109489700007476</subfield>
    <subfield code="M">49HBZ_RTU</subfield>
    <subfield code="p">61109387690007476</subfield>
    <subfield code="q">EZB-NALIG-00476 Walter de Gruyter Online-Zeitschriften Archiv NL</subfield>
    <subfield code="c">param</subfield>
    <subfield code="o">613790000000000573</subfield>
    <subfield code="y">2022-07-13 11:40:55 Europe/Berlin</subfield>
    <subfield code="w">2022-07-13 11:40:50 Europe/Berlin</subfield>
    <subfield code="D">https://eu04.alma.exlibrisgroup.com/view/uresolver/49HBZ_NETWORK/openurl?u.ignore_date_coverage=true&amp;portfolio_pid=53109489700007476&amp;Force_direct=true</subfield>
    <subfield code="v">NON_SFX_CREATOR</subfield>
    <subfield code="z">2022-07-13 09:40:50</subfield>
    <subfield code="n"> Available from 1996 volume: 16.</subfield>
    <subfield code="i">false</subfield>
    <subfield code="S">62109387680007476</subfield>
    <subfield code="d">https://hbz-network.userservices.exlibrisgroup.com/view/uresolver/49HBZ_NETWORK/openurl?u.ignore_date_coverage=true&amp;rft.mms_id=992022008758307476</subfield>
    <subfield code="b">Available</subfield>
    <subfield code="f">JOURNAL</subfield>
    <subfield code="8">53109489700007476</subfield>
  </datafield>
  <datafield tag="POC" ind1=" " ind2=" ">
    <subfield code="a">53109489700007476</subfield>
    <subfield code="b">1996</subfield>
    <subfield code="d">1</subfield>
    <subfield code="f">1</subfield>
    <subfield code="h">16</subfield>
  </datafield>
  <datafield tag="POR" ind1=" " ind2=" ">
    <subfield code="j">Walter De Gruyter Publishing</subfield>
    <subfield code="x">System</subfield>
    <subfield code="a">53266502540006448</subfield>
    <subfield code="M">49HBZ_UBA</subfield>
    <subfield code="p">61265755060006448</subfield>
    <subfield code="q">EZB-NALIG-00476 Walter de Gruyter Online-Zeitschriften Archiv NL</subfield>
    <subfield code="c">param</subfield>
    <subfield code="o">613790000000000573</subfield>
    <subfield code="y">2022-07-21 07:29:19 Europe/Berlin</subfield>
    <subfield code="w">2022-07-21 07:29:15 Europe/Berlin</subfield>
    <subfield code="D">https://eu04.alma.exlibrisgroup.com/view/uresolver/49HBZ_NETWORK/openurl?u.ignore_date_coverage=true&amp;portfolio_pid=53266502540006448&amp;Force_direct=true</subfield>
    <subfield code="v">NON_SFX_CREATOR</subfield>
    <subfield code="z">2022-07-21 05:29:15</subfield>
    <subfield code="n"> Available from 1996 volume: 16.</subfield>
    <subfield code="i">false</subfield>
    <subfield code="S">62265755050006448</subfield>
    <subfield code="d">https://hbz-network.userservices.exlibrisgroup.com/view/uresolver/49HBZ_NETWORK/openurl?u.ignore_date_coverage=true&amp;rft.mms_id=991025967647406448</subfield>
    <subfield code="b">Available</subfield>
    <subfield code="f">JOURNAL</subfield>
    <subfield code="8">53266502540006448</subfield>
  </datafield>
  <datafield tag="POC" ind1=" " ind2=" ">
    <subfield code="a">53266502540006448</subfield>
    <subfield code="b">1996</subfield>
    <subfield code="d">1</subfield>
    <subfield code="f">1</subfield>
    <subfield code="h">16</subfield>
  </datafield>
  <datafield tag="POR" ind1=" " ind2=" ">
    <subfield code="j">Walter De Gruyter Publishing</subfield>
    <subfield code="x">UBID-VN965NXW</subfield>
    <subfield code="a">53265762980006448</subfield>
    <subfield code="M">49HBZ_UBA</subfield>
    <subfield code="p">61265752270006448</subfield>
    <subfield code="q">De Gruyter journals</subfield>
    <subfield code="c">param</subfield>
    <subfield code="o">61110974475531562</subfield>
    <subfield code="y">2023-01-25 09:57:30 Europe/Berlin</subfield>
    <subfield code="w">2022-07-21 07:24:59 Europe/Berlin</subfield>
    <subfield code="D">https://eu04.alma.exlibrisgroup.com/view/uresolver/49HBZ_NETWORK/openurl?u.ignore_date_coverage=true&amp;portfolio_pid=53265762980006448&amp;Force_direct=true</subfield>
    <subfield code="v">NON_SFX_CREATOR</subfield>
    <subfield code="z">2022-07-21 05:24:59</subfield>
    <subfield code="n"> Available from 1996 volume: 16 issue: 1.</subfield>
    <subfield code="i">false</subfield>
    <subfield code="t">RWTHOL-1963</subfield>
    <subfield code="S">62265752260006448</subfield>
    <subfield code="d">https://hbz-network.userservices.exlibrisgroup.com/view/uresolver/49HBZ_NETWORK/openurl?u.ignore_date_coverage=true&amp;rft.mms_id=991025967647406448</subfield>
    <subfield code="b">Available</subfield>
    <subfield code="f">JOURNAL</subfield>
    <subfield code="8">53265762980006448</subfield>
  </datafield>
  <datafield tag="POC" ind1=" " ind2=" ">
    <subfield code="a">53265762980006448</subfield>
    <subfield code="b">1996</subfield>
    <subfield code="d">1</subfield>
    <subfield code="f">1</subfield>
    <subfield code="h">16</subfield>
    <subfield code="j">1</subfield>
  </datafield>
  <datafield tag="POR" ind1=" " ind2=" ">
    <subfield code="j">Walter De Gruyter Publishing</subfield>
    <subfield code="x">System</subfield>
    <subfield code="a">5352678550006477</subfield>
    <subfield code="M">49HBZ_THK</subfield>
    <subfield code="p">6151427470006477</subfield>
    <subfield code="q">EZB-NALIG-00476 Walter de Gruyter Online-Zeitschriften Archiv NL</subfield>
    <subfield code="c">param</subfield>
    <subfield code="o">613790000000000573</subfield>
    <subfield code="y">2023-08-17 23:20:13 Europe/Berlin</subfield>
    <subfield code="w">2023-08-17 23:19:55 Europe/Berlin</subfield>
    <subfield code="D">https://eu04.alma.exlibrisgroup.com/view/uresolver/49HBZ_NETWORK/openurl?u.ignore_date_coverage=true&amp;portfolio_pid=5352678550006477&amp;Force_direct=true</subfield>
    <subfield code="v">NON_SFX_CREATOR</subfield>
    <subfield code="z">2023-08-17 21:19:55</subfield>
    <subfield code="n"> Available from 1996 volume: 16.</subfield>
    <subfield code="i">false</subfield>
    <subfield code="S">6251427460006477</subfield>
    <subfield code="d">https://hbz-network.userservices.exlibrisgroup.com/view/uresolver/49HBZ_NETWORK/openurl?u.ignore_date_coverage=true&amp;rft.mms_id=991008476427206477</subfield>
    <subfield code="b">Available</subfield>
    <subfield code="f">JOURNAL</subfield>
    <subfield code="8">5352678550006477</subfield>
  </datafield>
  <datafield tag="POC" ind1=" " ind2=" ">
    <subfield code="a">5352678550006477</subfield>
    <subfield code="b">1996</subfield>
    <subfield code="d">1</subfield>
    <subfield code="f">1</subfield>
    <subfield code="h">16</subfield>
  </datafield>
  <datafield tag="POR" ind1=" " ind2=" ">
    <subfield code="j">Walter De Gruyter Publishing</subfield>
    <subfield code="x">System</subfield>
    <subfield code="a">53206901250006445</subfield>
    <subfield code="M">49HBZ_UBD</subfield>
    <subfield code="p">61206252750006445</subfield>
    <subfield code="q">EZB-NALIG-00476 Walter de Gruyter Online-Zeitschriften Archiv NL</subfield>
    <subfield code="c">param</subfield>
    <subfield code="o">613790000000000573</subfield>
    <subfield code="y">2022-07-11 00:42:59 Europe/Berlin</subfield>
    <subfield code="w">2021-04-19 18:43:30 Europe/Berlin</subfield>
    <subfield code="D">https://eu04.alma.exlibrisgroup.com/view/uresolver/49HBZ_NETWORK/openurl?u.ignore_date_coverage=true&amp;portfolio_pid=53206901250006445&amp;Force_direct=true</subfield>
    <subfield code="v">NON_SFX_CREATOR</subfield>
    <subfield code="z">2021-04-19 16:43:30</subfield>
    <subfield code="n"> Available from 1996 volume: 16.</subfield>
    <subfield code="i">false</subfield>
    <subfield code="S">62206252740006445</subfield>
    <subfield code="d">https://hbz-network.userservices.exlibrisgroup.com/view/uresolver/49HBZ_NETWORK/openurl?u.ignore_date_coverage=true&amp;rft.mms_id=991013481417006445</subfield>
    <subfield code="b">Available</subfield>
    <subfield code="f">JOURNAL</subfield>
    <subfield code="8">53206901250006445</subfield>
  </datafield>
  <datafield tag="POC" ind1=" " ind2=" ">
    <subfield code="a">53206901250006445</subfield>
    <subfield code="b">1996</subfield>
    <subfield code="d">1</subfield>
    <subfield code="f">1</subfield>
    <subfield code="h">16</subfield>
  </datafield>
  <datafield tag="POR" ind1=" " ind2=" ">
    <subfield code="j">EBSCOhost</subfield>
    <subfield code="x">System</subfield>
    <subfield code="a">53230941160006445</subfield>
    <subfield code="M">49HBZ_UBD</subfield>
    <subfield code="p">61230936790006445</subfield>
    <subfield code="q">EBSCOhost DACH Information</subfield>
    <subfield code="c">param</subfield>
    <subfield code="o">615470000000001038</subfield>
    <subfield code="y">2023-07-06 08:18:31 Europe/Berlin</subfield>
    <subfield code="w">2023-07-06 08:18:31 Europe/Berlin</subfield>
    <subfield code="D">https://eu04.alma.exlibrisgroup.com/view/uresolver/49HBZ_NETWORK/openurl?u.ignore_date_coverage=true&amp;portfolio_pid=53230941160006445&amp;Force_direct=true</subfield>
    <subfield code="v">System</subfield>
    <subfield code="z">2023-07-06 06:18:31</subfield>
    <subfield code="n"> Available from 01/07/2004.</subfield>
    <subfield code="i">false</subfield>
    <subfield code="S">62230936780006445</subfield>
    <subfield code="d">https://hbz-network.userservices.exlibrisgroup.com/view/uresolver/49HBZ_NETWORK/openurl?u.ignore_date_coverage=true&amp;rft.mms_id=991013481417006445</subfield>
    <subfield code="b">Available</subfield>
    <subfield code="f">JOURNAL</subfield>
    <subfield code="8">53230941160006445</subfield>
  </datafield>
  <datafield tag="POC" ind1=" " ind2=" ">
    <subfield code="a">53230941160006445</subfield>
    <subfield code="b">2004</subfield>
    <subfield code="d">7</subfield>
    <subfield code="f">1</subfield>
  </datafield>
  <datafield tag="POR" ind1=" " ind2=" ">
    <subfield code="j">Walter De Gruyter Publishing</subfield>
    <subfield code="x">DE1130000025617</subfield>
    <subfield code="a">53216211500006445</subfield>
    <subfield code="M">49HBZ_UBD</subfield>
    <subfield code="p">61206257010006445</subfield>
    <subfield code="q">De Gruyter journals</subfield>
    <subfield code="c">param</subfield>
    <subfield code="o">61110974475531562</subfield>
    <subfield code="y">2022-03-09 13:55:55 Europe/Berlin</subfield>
    <subfield code="w">2022-03-09 13:55:55 Europe/Berlin</subfield>
    <subfield code="D">https://eu04.alma.exlibrisgroup.com/view/uresolver/49HBZ_NETWORK/openurl?u.ignore_date_coverage=true&amp;portfolio_pid=53216211500006445&amp;Force_direct=true</subfield>
    <subfield code="v">DE1130000025617</subfield>
    <subfield code="z">2022-03-09 12:55:55</subfield>
    <subfield code="n"> Available from 01/03/1996 volume: 16.</subfield>
    <subfield code="i">false</subfield>
    <subfield code="S">62206257000006445</subfield>
    <subfield code="d">https://hbz-network.userservices.exlibrisgroup.com/view/uresolver/49HBZ_NETWORK/openurl?u.ignore_date_coverage=true&amp;rft.mms_id=991013481417006445</subfield>
    <subfield code="b">Available</subfield>
    <subfield code="f">JOURNAL</subfield>
    <subfield code="8">53216211500006445</subfield>
  </datafield>
  <datafield tag="POC" ind1=" " ind2=" ">
    <subfield code="a">53216211500006445</subfield>
    <subfield code="b">1996</subfield>
    <subfield code="d">3</subfield>
    <subfield code="f">1</subfield>
    <subfield code="h">16</subfield>
  </datafield>
  <datafield tag="POR" ind1=" " ind2=" ">
    <subfield code="j">Walter De Gruyter Publishing</subfield>
    <subfield code="x">System</subfield>
    <subfield code="a">53313992860006470</subfield>
    <subfield code="M">49HBZ_UBT</subfield>
    <subfield code="p">61313738350006470</subfield>
    <subfield code="q">EZB-NALIG-00476 Walter de Gruyter Online-Zeitschriften Archiv NL</subfield>
    <subfield code="c">param</subfield>
    <subfield code="o">613790000000000573</subfield>
    <subfield code="y">2023-08-15 11:28:58 Europe/Berlin</subfield>
    <subfield code="w">2023-08-15 11:28:44 Europe/Berlin</subfield>
    <subfield code="D">https://eu04.alma.exlibrisgroup.com/view/uresolver/49HBZ_NETWORK/openurl?u.ignore_date_coverage=true&amp;portfolio_pid=53313992860006470&amp;Force_direct=true</subfield>
    <subfield code="v">NON_SFX_CREATOR</subfield>
    <subfield code="z">2023-08-15 09:28:44</subfield>
    <subfield code="n"> Available from 1996 volume: 16.</subfield>
    <subfield code="i">false</subfield>
    <subfield code="S">62313738340006470</subfield>
    <subfield code="d">https://hbz-network.userservices.exlibrisgroup.com/view/uresolver/49HBZ_NETWORK/openurl?u.ignore_date_coverage=true&amp;rft.mms_id=9927778655706470</subfield>
    <subfield code="b">Available</subfield>
    <subfield code="f">JOURNAL</subfield>
    <subfield code="8">53313992860006470</subfield>
  </datafield>
  <datafield tag="POC" ind1=" " ind2=" ">
    <subfield code="a">53313992860006470</subfield>
    <subfield code="b">1996</subfield>
    <subfield code="d">1</subfield>
    <subfield code="f">1</subfield>
    <subfield code="h">16</subfield>
  </datafield>
  <datafield tag="POR" ind1=" " ind2=" ">
    <subfield code="j">Walter De Gruyter Publishing</subfield>
    <subfield code="x">System</subfield>
    <subfield code="a">53314230740006470</subfield>
    <subfield code="M">49HBZ_UBT</subfield>
    <subfield code="p">61313741260006470</subfield>
    <subfield code="q">De Gruyter journals</subfield>
    <subfield code="c">param</subfield>
    <subfield code="o">61110974475531562</subfield>
    <subfield code="y">2023-08-15 11:30:43 Europe/Berlin</subfield>
    <subfield code="w">2023-08-15 11:30:34 Europe/Berlin</subfield>
    <subfield code="D">https://eu04.alma.exlibrisgroup.com/view/uresolver/49HBZ_NETWORK/openurl?u.ignore_date_coverage=true&amp;portfolio_pid=53314230740006470&amp;Force_direct=true</subfield>
    <subfield code="v">NON_SFX_CREATOR</subfield>
    <subfield code="z">2023-08-15 09:30:34</subfield>
    <subfield code="n"> Available from 1996 volume: 16.</subfield>
    <subfield code="i">false</subfield>
    <subfield code="S">62313741250006470</subfield>
    <subfield code="d">https://hbz-network.userservices.exlibrisgroup.com/view/uresolver/49HBZ_NETWORK/openurl?u.ignore_date_coverage=true&amp;rft.mms_id=9927778655706470</subfield>
    <subfield code="b">Available</subfield>
    <subfield code="f">JOURNAL</subfield>
    <subfield code="8">53314230740006470</subfield>
  </datafield>
  <datafield tag="POC" ind1=" " ind2=" ">
    <subfield code="a">53314230740006470</subfield>
    <subfield code="b">1996</subfield>
    <subfield code="d">1</subfield>
    <subfield code="f">1</subfield>
    <subfield code="h">16</subfield>
  </datafield>
  <datafield tag="POR" ind1=" " ind2=" ">
    <subfield code="j">Walter De Gruyter Publishing</subfield>
    <subfield code="x">System</subfield>
    <subfield code="a">53320721620006467</subfield>
    <subfield code="M">49HBZ_ULB</subfield>
    <subfield code="p">61319484270006467</subfield>
    <subfield code="q">EZB-NALIG-00476 Walter de Gruyter Online-Zeitschriften Archiv NL</subfield>
    <subfield code="c">param</subfield>
    <subfield code="o">613790000000000573</subfield>
    <subfield code="y">2023-07-25 15:16:27 Europe/Berlin</subfield>
    <subfield code="w">2023-07-25 14:56:30 Europe/Berlin</subfield>
    <subfield code="D">https://eu04.alma.exlibrisgroup.com/view/uresolver/49HBZ_NETWORK/openurl?u.ignore_date_coverage=true&amp;portfolio_pid=53320721620006467&amp;Force_direct=true</subfield>
    <subfield code="v">NON_SFX_CREATOR</subfield>
    <subfield code="z">2023-07-25 12:56:30</subfield>
    <subfield code="n"> Available from 1996 volume: 16.</subfield>
    <subfield code="i">false</subfield>
    <subfield code="S">62319484260006467</subfield>
    <subfield code="d">https://hbz-network.userservices.exlibrisgroup.com/view/uresolver/49HBZ_NETWORK/openurl?u.ignore_date_coverage=true&amp;rft.mms_id=991045180392606467</subfield>
    <subfield code="b">Available</subfield>
    <subfield code="f">JOURNAL</subfield>
    <subfield code="8">53320721620006467</subfield>
  </datafield>
  <datafield tag="POC" ind1=" " ind2=" ">
    <subfield code="a">53320721620006467</subfield>
    <subfield code="b">1996</subfield>
    <subfield code="d">1</subfield>
    <subfield code="f">1</subfield>
    <subfield code="h">16</subfield>
  </datafield>
  <datafield tag="POR" ind1=" " ind2=" ">
    <subfield code="j">Ezb</subfield>
    <subfield code="x">System</subfield>
    <subfield code="a">53349719870006467</subfield>
    <subfield code="M">49HBZ_ULB</subfield>
    <subfield code="p">61320827360006467</subfield>
    <subfield code="q">EZB-FREE-00999 freely available EZB journals</subfield>
    <subfield code="c">param</subfield>
    <subfield code="o">615280000000001088</subfield>
    <subfield code="y">2023-07-25 20:06:26 Europe/Berlin</subfield>
    <subfield code="w">2023-07-25 20:06:17 Europe/Berlin</subfield>
    <subfield code="D">https://eu04.alma.exlibrisgroup.com/view/uresolver/49HBZ_NETWORK/openurl?u.ignore_date_coverage=true&amp;portfolio_pid=53349719870006467&amp;Force_direct=true</subfield>
    <subfield code="v">NON_SFX_CREATOR</subfield>
    <subfield code="z">2023-07-25 18:06:17</subfield>
    <subfield code="n"> Available from 2022 volume: 42 issue: 1.</subfield>
    <subfield code="i">false</subfield>
    <subfield code="S">62320827350006467</subfield>
    <subfield code="d">https://hbz-network.userservices.exlibrisgroup.com/view/uresolver/49HBZ_NETWORK/openurl?u.ignore_date_coverage=true&amp;rft.mms_id=991045180392606467</subfield>
    <subfield code="b">Available</subfield>
    <subfield code="f">JOURNAL</subfield>
    <subfield code="8">53349719870006467</subfield>
  </datafield>
  <datafield tag="POC" ind1=" " ind2=" ">
    <subfield code="a">53349719870006467</subfield>
    <subfield code="b">2022</subfield>
    <subfield code="d">1</subfield>
    <subfield code="f">1</subfield>
    <subfield code="h">42</subfield>
    <subfield code="j">1</subfield>
  </datafield>
  <datafield tag="POR" ind1=" " ind2=" ">
    <subfield code="j">Walter De Gruyter Publishing</subfield>
    <subfield code="x">System</subfield>
    <subfield code="a">53320689660006467</subfield>
    <subfield code="M">49HBZ_ULB</subfield>
    <subfield code="p">61319479860006467</subfield>
    <subfield code="q">De Gruyter journals</subfield>
    <subfield code="c">param</subfield>
    <subfield code="o">61110974475531562</subfield>
    <subfield code="y">2023-07-25 15:16:27 Europe/Berlin</subfield>
    <subfield code="w">2023-07-25 14:56:18 Europe/Berlin</subfield>
    <subfield code="D">https://eu04.alma.exlibrisgroup.com/view/uresolver/49HBZ_NETWORK/openurl?u.ignore_date_coverage=true&amp;portfolio_pid=53320689660006467&amp;Force_direct=true</subfield>
    <subfield code="v">NON_SFX_CREATOR</subfield>
    <subfield code="z">2023-07-25 12:56:18</subfield>
    <subfield code="n"> Available from 1996 volume: 16.</subfield>
    <subfield code="i">false</subfield>
    <subfield code="S">62319479850006467</subfield>
    <subfield code="d">https://hbz-network.userservices.exlibrisgroup.com/view/uresolver/49HBZ_NETWORK/openurl?u.ignore_date_coverage=true&amp;rft.mms_id=991045180392606467</subfield>
    <subfield code="b">Available</subfield>
    <subfield code="f">JOURNAL</subfield>
    <subfield code="8">53320689660006467</subfield>
  </datafield>
  <datafield tag="POC" ind1=" " ind2=" ">
    <subfield code="a">53320689660006467</subfield>
    <subfield code="b">1996</subfield>
    <subfield code="d">1</subfield>
    <subfield code="f">1</subfield>
    <subfield code="h">16</subfield>
  </datafield>
  <datafield tag="POR" ind1=" " ind2=" ">
    <subfield code="j">Walter De Gruyter Publishing</subfield>
    <subfield code="x">schicke</subfield>
    <subfield code="a">53305968290006442</subfield>
    <subfield code="M">49HBZ_BIE</subfield>
    <subfield code="p">61305149990006442</subfield>
    <subfield code="q">De Gruyter journals</subfield>
    <subfield code="c">param</subfield>
    <subfield code="o">61110974475531562</subfield>
    <subfield code="y">2022-01-20 11:55:37 Europe/Berlin</subfield>
    <subfield code="w">2021-04-19 11:23:35 Europe/Berlin</subfield>
    <subfield code="D">https://eu04.alma.exlibrisgroup.com/view/uresolver/49HBZ_NETWORK/openurl?u.ignore_date_coverage=true&amp;portfolio_pid=53305968290006442&amp;Force_direct=true</subfield>
    <subfield code="v">NON_SFX_CREATOR</subfield>
    <subfield code="z">2021-04-19 09:54:28</subfield>
    <subfield code="n"> Available from 1998 volume: 18.</subfield>
    <subfield code="i">false</subfield>
    <subfield code="t">FB01-20068</subfield>
    <subfield code="S">62305149980006442</subfield>
    <subfield code="d">https://hbz-network.userservices.exlibrisgroup.com/view/uresolver/49HBZ_NETWORK/openurl?u.ignore_date_coverage=true&amp;rft.mms_id=991025806681206442</subfield>
    <subfield code="b">Available</subfield>
    <subfield code="f">JOURNAL</subfield>
    <subfield code="8">53305968290006442</subfield>
  </datafield>
  <datafield tag="POC" ind1=" " ind2=" ">
    <subfield code="a">53305968290006442</subfield>
    <subfield code="b">1998</subfield>
    <subfield code="d">1</subfield>
    <subfield code="f">1</subfield>
    <subfield code="h">18</subfield>
  </datafield>
  <datafield tag="POR" ind1=" " ind2=" ">
    <subfield code="j">Walter De Gruyter Publishing</subfield>
    <subfield code="x">System</subfield>
    <subfield code="a">53305849380006442</subfield>
    <subfield code="M">49HBZ_BIE</subfield>
    <subfield code="p">61305132210006442</subfield>
    <subfield code="q">EZB-NALIG-00476 Walter de Gruyter Online-Zeitschriften Archiv NL</subfield>
    <subfield code="c">param</subfield>
    <subfield code="o">613790000000000573</subfield>
    <subfield code="y">2022-07-11 00:47:58 Europe/Berlin</subfield>
    <subfield code="w">2021-04-19 11:22:57 Europe/Berlin</subfield>
    <subfield code="D">https://eu04.alma.exlibrisgroup.com/view/uresolver/49HBZ_NETWORK/openurl?u.ignore_date_coverage=true&amp;portfolio_pid=53305849380006442&amp;Force_direct=true</subfield>
    <subfield code="v">NON_SFX_CREATOR</subfield>
    <subfield code="z">2021-04-19 09:22:57</subfield>
    <subfield code="n"> Available from 1996 volume: 16.</subfield>
    <subfield code="i">false</subfield>
    <subfield code="S">62305132200006442</subfield>
    <subfield code="d">https://hbz-network.userservices.exlibrisgroup.com/view/uresolver/49HBZ_NETWORK/openurl?u.ignore_date_coverage=true&amp;rft.mms_id=991025806681206442</subfield>
    <subfield code="b">Available</subfield>
    <subfield code="f">JOURNAL</subfield>
    <subfield code="8">53305849380006442</subfield>
  </datafield>
  <datafield tag="POC" ind1=" " ind2=" ">
    <subfield code="a">53305849380006442</subfield>
    <subfield code="b">1996</subfield>
    <subfield code="d">1</subfield>
    <subfield code="f">1</subfield>
    <subfield code="h">16</subfield>
  </datafield>
  <datafield tag="POR" ind1=" " ind2=" ">
    <subfield code="j">Walter De Gruyter Publishing</subfield>
    <subfield code="x">System</subfield>
    <subfield code="a">53190076510006471</subfield>
    <subfield code="M">49HBZ_UBO</subfield>
    <subfield code="p">61187949840006471</subfield>
    <subfield code="q">EZB-NALIG-00476 Walter de Gruyter Online-Zeitschriften Archiv NL</subfield>
    <subfield code="c">param</subfield>
    <subfield code="o">613790000000000573</subfield>
    <subfield code="y">2023-07-31 14:04:40 Europe/Berlin</subfield>
    <subfield code="w">2023-07-31 14:04:27 Europe/Berlin</subfield>
    <subfield code="D">https://eu04.alma.exlibrisgroup.com/view/uresolver/49HBZ_NETWORK/openurl?u.ignore_date_coverage=true&amp;portfolio_pid=53190076510006471&amp;Force_direct=true</subfield>
    <subfield code="v">NON_SFX_CREATOR</subfield>
    <subfield code="z">2023-07-31 12:04:27</subfield>
    <subfield code="n"> Available from 1996 volume: 16.</subfield>
    <subfield code="i">false</subfield>
    <subfield code="S">62187949830006471</subfield>
    <subfield code="d">https://hbz-network.userservices.exlibrisgroup.com/view/uresolver/49HBZ_NETWORK/openurl?u.ignore_date_coverage=true&amp;rft.mms_id=991027808804206471</subfield>
    <subfield code="b">Available</subfield>
    <subfield code="f">JOURNAL</subfield>
    <subfield code="8">53190076510006471</subfield>
  </datafield>
  <datafield tag="POC" ind1=" " ind2=" ">
    <subfield code="a">53190076510006471</subfield>
    <subfield code="b">1996</subfield>
    <subfield code="d">1</subfield>
    <subfield code="f">1</subfield>
    <subfield code="h">16</subfield>
  </datafield>
  <datafield tag="POR" ind1=" " ind2=" ">
    <subfield code="j">Walter De Gruyter Publishing</subfield>
    <subfield code="x">System</subfield>
    <subfield code="a">53452984420006446</subfield>
    <subfield code="M">49HBZ_UDE</subfield>
    <subfield code="k">Zugriff für autorisierte Nutzer:innen</subfield>
    <subfield code="p">61452930600006446</subfield>
    <subfield code="q">Nationalkonsortium: De Gruyter HSS Journals (Konvolut B)</subfield>
    <subfield code="c">static</subfield>
    <subfield code="y">2022-03-10 10:11:13 Europe/Berlin</subfield>
    <subfield code="w">2022-01-31 11:32:05 Europe/Berlin</subfield>
    <subfield code="D">https://eu04.alma.exlibrisgroup.com/view/uresolver/49HBZ_NETWORK/openurl?u.ignore_date_coverage=true&amp;portfolio_pid=53452984420006446&amp;Force_direct=true</subfield>
    <subfield code="v">System</subfield>
    <subfield code="z">2022-01-31 10:32:05</subfield>
    <subfield code="n"> Available from 1996 volume: 16.</subfield>
    <subfield code="i">false</subfield>
    <subfield code="t">UB23-18623</subfield>
    <subfield code="S">62452930590006446</subfield>
    <subfield code="d">https://hbz-network.userservices.exlibrisgroup.com/view/uresolver/49HBZ_NETWORK/openurl?u.ignore_date_coverage=true&amp;rft.mms_id=99206362120906446</subfield>
    <subfield code="b">Available</subfield>
    <subfield code="f">JOURNAL</subfield>
    <subfield code="8">53452984420006446</subfield>
  </datafield>
  <datafield tag="POC" ind1=" " ind2=" ">
    <subfield code="a">53452984420006446</subfield>
    <subfield code="b">1996</subfield>
    <subfield code="d">1</subfield>
    <subfield code="f">1</subfield>
    <subfield code="h">16</subfield>
  </datafield>
  <datafield tag="POR" ind1=" " ind2=" ">
    <subfield code="j">Walter De Gruyter Publishing</subfield>
    <subfield code="x">System</subfield>
    <subfield code="a">53441010540006446</subfield>
    <subfield code="M">49HBZ_UDE</subfield>
    <subfield code="k">Zugriff für autorisierte Nutzer:innen</subfield>
    <subfield code="p">61440509460006446</subfield>
    <subfield code="q">DFG-Nationallizenz de Gruyter Online-Zeitschriften Archiv</subfield>
    <subfield code="c">param</subfield>
    <subfield code="o">613790000000000573</subfield>
    <subfield code="y">2022-07-11 00:55:17 Europe/Berlin</subfield>
    <subfield code="w">2021-04-16 16:50:56 Europe/Berlin</subfield>
    <subfield code="D">https://eu04.alma.exlibrisgroup.com/view/uresolver/49HBZ_NETWORK/openurl?u.ignore_date_coverage=true&amp;portfolio_pid=53441010540006446&amp;Force_direct=true</subfield>
    <subfield code="v">NON_SFX_CREATOR</subfield>
    <subfield code="z">2021-04-16 14:50:56</subfield>
    <subfield code="n"> Available from 1996 volume: 16.</subfield>
    <subfield code="i">false</subfield>
    <subfield code="S">62440509450006446</subfield>
    <subfield code="d">https://hbz-network.userservices.exlibrisgroup.com/view/uresolver/49HBZ_NETWORK/openurl?u.ignore_date_coverage=true&amp;rft.mms_id=99206362120906446</subfield>
    <subfield code="b">Available</subfield>
    <subfield code="f">JOURNAL</subfield>
    <subfield code="8">53441010540006446</subfield>
  </datafield>
  <datafield tag="POC" ind1=" " ind2=" ">
    <subfield code="a">53441010540006446</subfield>
    <subfield code="b">1996</subfield>
    <subfield code="d">1</subfield>
    <subfield code="f">1</subfield>
    <subfield code="h">16</subfield>
  </datafield>
  <datafield tag="POR" ind1=" " ind2=" ">
    <subfield code="j">Ezb</subfield>
    <subfield code="x">System</subfield>
    <subfield code="a">53455804610006446</subfield>
    <subfield code="M">49HBZ_UDE</subfield>
    <subfield code="p">61436539580006446</subfield>
    <subfield code="q">Zu den frei zugänglichen Zeitschriften aus der EZB</subfield>
    <subfield code="c">param</subfield>
    <subfield code="o">615280000000001088</subfield>
    <subfield code="y">2022-06-20 02:06:55 Europe/Berlin</subfield>
    <subfield code="w">2022-06-20 02:06:55 Europe/Berlin</subfield>
    <subfield code="D">https://eu04.alma.exlibrisgroup.com/view/uresolver/49HBZ_NETWORK/openurl?u.ignore_date_coverage=true&amp;portfolio_pid=53455804610006446&amp;Force_direct=true</subfield>
    <subfield code="v">electronic inventory creator</subfield>
    <subfield code="z">2022-06-20 00:06:55</subfield>
    <subfield code="n"> Available from 2022 volume: 42 issue: 1.</subfield>
    <subfield code="i">false</subfield>
    <subfield code="S">62436539570006446</subfield>
    <subfield code="d">https://hbz-network.userservices.exlibrisgroup.com/view/uresolver/49HBZ_NETWORK/openurl?u.ignore_date_coverage=true&amp;rft.mms_id=99206362120906446</subfield>
    <subfield code="b">Available</subfield>
    <subfield code="f">JOURNAL</subfield>
    <subfield code="8">53455804610006446</subfield>
  </datafield>
  <datafield tag="POC" ind1=" " ind2=" ">
    <subfield code="a">53455804610006446</subfield>
    <subfield code="b">2022</subfield>
    <subfield code="d">1</subfield>
    <subfield code="f">1</subfield>
    <subfield code="h">42</subfield>
    <subfield code="j">1</subfield>
  </datafield>
  <datafield tag="POR" ind1=" " ind2=" ">
    <subfield code="j">Walter De Gruyter Publishing</subfield>
    <subfield code="x">System</subfield>
    <subfield code="a">53333893140006443</subfield>
    <subfield code="M">49HBZ_DUE</subfield>
    <subfield code="p">61333505120006443</subfield>
    <subfield code="q">EZB-NALFK-00448 Walter de Gruyter Online-Zeitschriften LLH1 AL</subfield>
    <subfield code="c">param</subfield>
    <subfield code="o">613790000000000582</subfield>
    <subfield code="y">2021-04-06 14:37:46 Europe/Berlin</subfield>
    <subfield code="w">2021-04-06 14:37:42 Europe/Berlin</subfield>
    <subfield code="D">https://eu04.alma.exlibrisgroup.com/view/uresolver/49HBZ_NETWORK/openurl?u.ignore_date_coverage=true&amp;portfolio_pid=53333893140006443&amp;Force_direct=true</subfield>
    <subfield code="v">NON_SFX_CREATOR</subfield>
    <subfield code="z">2021-04-06 12:37:42</subfield>
    <subfield code="n"> Available from 1996 volume: 16.</subfield>
    <subfield code="i">false</subfield>
    <subfield code="S">62333505110006443</subfield>
    <subfield code="d">https://hbz-network.userservices.exlibrisgroup.com/view/uresolver/49HBZ_NETWORK/openurl?u.ignore_date_coverage=true&amp;rft.mms_id=9947406450506443</subfield>
    <subfield code="b">Available</subfield>
    <subfield code="f">JOURNAL</subfield>
    <subfield code="8">53333893140006443</subfield>
  </datafield>
  <datafield tag="POC" ind1=" " ind2=" ">
    <subfield code="a">53333893140006443</subfield>
    <subfield code="b">1996</subfield>
    <subfield code="d">1</subfield>
    <subfield code="f">1</subfield>
    <subfield code="h">16</subfield>
  </datafield>
  <datafield tag="POR" ind1=" " ind2=" ">
    <subfield code="j">Walter De Gruyter Publishing</subfield>
    <subfield code="x">System</subfield>
    <subfield code="a">53334490330006443</subfield>
    <subfield code="M">49HBZ_DUE</subfield>
    <subfield code="p">61333504370006443</subfield>
    <subfield code="q">EZB-NALIG-00476 Walter de Gruyter Online-Zeitschriften Archiv NL</subfield>
    <subfield code="c">param</subfield>
    <subfield code="o">613790000000000573</subfield>
    <subfield code="y">2022-07-11 00:46:50 Europe/Berlin</subfield>
    <subfield code="w">2021-04-06 14:41:27 Europe/Berlin</subfield>
    <subfield code="D">https://eu04.alma.exlibrisgroup.com/view/uresolver/49HBZ_NETWORK/openurl?u.ignore_date_coverage=true&amp;portfolio_pid=53334490330006443&amp;Force_direct=true</subfield>
    <subfield code="v">NON_SFX_CREATOR</subfield>
    <subfield code="z">2021-04-06 12:41:27</subfield>
    <subfield code="n"> Available from 1996 volume: 16.</subfield>
    <subfield code="i">false</subfield>
    <subfield code="S">62333504360006443</subfield>
    <subfield code="d">https://hbz-network.userservices.exlibrisgroup.com/view/uresolver/49HBZ_NETWORK/openurl?u.ignore_date_coverage=true&amp;rft.mms_id=9947406450506443</subfield>
    <subfield code="b">Available</subfield>
    <subfield code="f">JOURNAL</subfield>
    <subfield code="8">53334490330006443</subfield>
  </datafield>
  <datafield tag="POC" ind1=" " ind2=" ">
    <subfield code="a">53334490330006443</subfield>
    <subfield code="b">1996</subfield>
    <subfield code="d">1</subfield>
    <subfield code="f">1</subfield>
    <subfield code="h">16</subfield>
  </datafield>
  <datafield tag="POR" ind1=" " ind2=" ">
    <subfield code="j">Ezb</subfield>
    <subfield code="x">System</subfield>
    <subfield code="a">53358210520006443</subfield>
    <subfield code="M">49HBZ_DUE</subfield>
    <subfield code="p">61352426420006443</subfield>
    <subfield code="q">EZB-FREE-00999 freely available EZB journals</subfield>
    <subfield code="c">param</subfield>
    <subfield code="o">615280000000001088</subfield>
    <subfield code="y">2022-06-20 00:41:04 Europe/Berlin</subfield>
    <subfield code="w">2022-06-20 00:41:03 Europe/Berlin</subfield>
    <subfield code="D">https://eu04.alma.exlibrisgroup.com/view/uresolver/49HBZ_NETWORK/openurl?u.ignore_date_coverage=true&amp;portfolio_pid=53358210520006443&amp;Force_direct=true</subfield>
    <subfield code="v">electronic inventory creator</subfield>
    <subfield code="z">2022-06-19 22:41:03</subfield>
    <subfield code="n"> Available from 2022 volume: 42 issue: 1.</subfield>
    <subfield code="i">false</subfield>
    <subfield code="S">62352426410006443</subfield>
    <subfield code="d">https://hbz-network.userservices.exlibrisgroup.com/view/uresolver/49HBZ_NETWORK/openurl?u.ignore_date_coverage=true&amp;rft.mms_id=9947406450506443</subfield>
    <subfield code="b">Available</subfield>
    <subfield code="f">JOURNAL</subfield>
    <subfield code="8">53358210520006443</subfield>
  </datafield>
  <datafield tag="POC" ind1=" " ind2=" ">
    <subfield code="a">53358210520006443</subfield>
    <subfield code="b">2022</subfield>
    <subfield code="d">1</subfield>
    <subfield code="f">1</subfield>
    <subfield code="h">42</subfield>
    <subfield code="j">1</subfield>
  </datafield>
  <datafield tag="POR" ind1=" " ind2=" ">
    <subfield code="j">Walter De Gruyter Publishing</subfield>
    <subfield code="x">System</subfield>
    <subfield code="a">5337281000008057</subfield>
    <subfield code="M">49HBZ_UKO</subfield>
    <subfield code="p">6136821770008057</subfield>
    <subfield code="q">EZB-NALIG-00476 Walter de Gruyter Online-Zeitschriften Archiv NL</subfield>
    <subfield code="c">param</subfield>
    <subfield code="o">613790000000000573</subfield>
    <subfield code="y">2023-08-15 11:25:27 Europe/Berlin</subfield>
    <subfield code="w">2023-08-15 11:25:09 Europe/Berlin</subfield>
    <subfield code="D">https://eu04.alma.exlibrisgroup.com/view/uresolver/49HBZ_NETWORK/openurl?u.ignore_date_coverage=true&amp;portfolio_pid=5337281000008057&amp;Force_direct=true</subfield>
    <subfield code="v">NON_SFX_CREATOR</subfield>
    <subfield code="z">2023-08-15 09:25:09</subfield>
    <subfield code="n"> Available from 1996 volume: 16.</subfield>
    <subfield code="i">false</subfield>
    <subfield code="S">6236821760008057</subfield>
    <subfield code="d">https://hbz-network.userservices.exlibrisgroup.com/view/uresolver/49HBZ_NETWORK/openurl?u.ignore_date_coverage=true&amp;rft.mms_id=9910060661008057</subfield>
    <subfield code="b">Available</subfield>
    <subfield code="f">JOURNAL</subfield>
    <subfield code="8">5337281000008057</subfield>
  </datafield>
  <datafield tag="POC" ind1=" " ind2=" ">
    <subfield code="a">5337281000008057</subfield>
    <subfield code="b">1996</subfield>
    <subfield code="d">1</subfield>
    <subfield code="f">1</subfield>
    <subfield code="h">16</subfield>
  </datafield>
  <datafield tag="POR" ind1=" " ind2=" ">
    <subfield code="j">Walter De Gruyter Publishing</subfield>
    <subfield code="x">System</subfield>
    <subfield code="a">53335573230006476</subfield>
    <subfield code="M">49HBZ_UBK</subfield>
    <subfield code="p">61333354310006476</subfield>
    <subfield code="q">EZB-NALIG-00476 Walter de Gruyter Online-Zeitschriften Archiv NL</subfield>
    <subfield code="c">param</subfield>
    <subfield code="o">613790000000000573</subfield>
    <subfield code="y">2023-08-23 10:13:23 Europe/Berlin</subfield>
    <subfield code="w">2023-08-23 10:13:12 Europe/Berlin</subfield>
    <subfield code="D">https://eu04.alma.exlibrisgroup.com/view/uresolver/49HBZ_NETWORK/openurl?u.ignore_date_coverage=true&amp;portfolio_pid=53335573230006476&amp;Force_direct=true</subfield>
    <subfield code="v">NON_SFX_CREATOR</subfield>
    <subfield code="z">2023-08-23 08:13:12</subfield>
    <subfield code="n"> Available from 1996 volume: 16.</subfield>
    <subfield code="i">false</subfield>
    <subfield code="S">62333354300006476</subfield>
    <subfield code="d">https://hbz-network.userservices.exlibrisgroup.com/view/uresolver/49HBZ_NETWORK/openurl?u.ignore_date_coverage=true&amp;rft.mms_id=991055599442706476</subfield>
    <subfield code="b">Available</subfield>
    <subfield code="f">JOURNAL</subfield>
    <subfield code="8">53335573230006476</subfield>
  </datafield>
  <datafield tag="POC" ind1=" " ind2=" ">
    <subfield code="a">53335573230006476</subfield>
    <subfield code="b">1996</subfield>
    <subfield code="d">1</subfield>
    <subfield code="f">1</subfield>
    <subfield code="h">16</subfield>
  </datafield>
  <datafield tag="POR" ind1=" " ind2=" ">
    <subfield code="j">Walter De Gruyter Publishing</subfield>
    <subfield code="x">System</subfield>
    <subfield code="a">53333991750006476</subfield>
    <subfield code="M">49HBZ_UBK</subfield>
    <subfield code="p">61333351370006476</subfield>
    <subfield code="q">De Gruyter journals</subfield>
    <subfield code="c">param</subfield>
    <subfield code="o">61110974475531562</subfield>
    <subfield code="y">2023-08-23 10:04:19 Europe/Berlin</subfield>
    <subfield code="w">2023-08-23 10:04:15 Europe/Berlin</subfield>
    <subfield code="D">https://eu04.alma.exlibrisgroup.com/view/uresolver/49HBZ_NETWORK/openurl?u.ignore_date_coverage=true&amp;portfolio_pid=53333991750006476&amp;Force_direct=true</subfield>
    <subfield code="v">NON_SFX_CREATOR</subfield>
    <subfield code="z">2023-08-23 08:04:15</subfield>
    <subfield code="n"> Available from 1996 volume: 16 issue: 1.</subfield>
    <subfield code="i">false</subfield>
    <subfield code="S">62333351360006476</subfield>
    <subfield code="d">https://hbz-network.userservices.exlibrisgroup.com/view/uresolver/49HBZ_NETWORK/openurl?u.ignore_date_coverage=true&amp;rft.mms_id=991055599442706476</subfield>
    <subfield code="b">Available</subfield>
    <subfield code="f">JOURNAL</subfield>
    <subfield code="8">53333991750006476</subfield>
  </datafield>
  <datafield tag="POC" ind1=" " ind2=" ">
    <subfield code="a">53333991750006476</subfield>
    <subfield code="b">1996</subfield>
    <subfield code="d">1</subfield>
    <subfield code="f">1</subfield>
    <subfield code="h">16</subfield>
    <subfield code="j">1</subfield>
  </datafield>
  <datafield tag="POR" ind1=" " ind2=" ">
    <subfield code="j">Walter De Gruyter Publishing</subfield>
    <subfield code="x">System</subfield>
    <subfield code="a">53627078260006449</subfield>
    <subfield code="M">49HBZ_ULM</subfield>
    <subfield code="p">61626437610006449</subfield>
    <subfield code="q">EZB-NALIG-00476 Walter de Gruyter Online-Zeitschriften Archiv NL</subfield>
    <subfield code="c">param</subfield>
    <subfield code="o">613790000000000573</subfield>
    <subfield code="y">2022-07-19 22:12:27 Europe/Berlin</subfield>
    <subfield code="w">2022-07-19 22:12:23 Europe/Berlin</subfield>
    <subfield code="D">https://eu04.alma.exlibrisgroup.com/view/uresolver/49HBZ_NETWORK/openurl?u.ignore_date_coverage=true&amp;portfolio_pid=53627078260006449&amp;Force_direct=true</subfield>
    <subfield code="v">NON_SFX_CREATOR</subfield>
    <subfield code="z">2022-07-19 20:12:23</subfield>
    <subfield code="n"> Available from 1996 volume: 16.</subfield>
    <subfield code="i">false</subfield>
    <subfield code="S">62626437600006449</subfield>
    <subfield code="d">https://hbz-network.userservices.exlibrisgroup.com/view/uresolver/49HBZ_NETWORK/openurl?u.ignore_date_coverage=true&amp;rft.mms_id=991044834920506449</subfield>
    <subfield code="b">Available</subfield>
    <subfield code="f">JOURNAL</subfield>
    <subfield code="8">53627078260006449</subfield>
  </datafield>
  <datafield tag="POC" ind1=" " ind2=" ">
    <subfield code="a">53627078260006449</subfield>
    <subfield code="b">1996</subfield>
    <subfield code="d">1</subfield>
    <subfield code="f">1</subfield>
    <subfield code="h">16</subfield>
  </datafield>
  <datafield tag="POR" ind1=" " ind2=" ">
    <subfield code="j">Ezb</subfield>
    <subfield code="x">System</subfield>
    <subfield code="a">53626936090006449</subfield>
    <subfield code="M">49HBZ_ULM</subfield>
    <subfield code="p">61626439470006449</subfield>
    <subfield code="q">EZB-FREE-00999 freely available EZB journals</subfield>
    <subfield code="c">param</subfield>
    <subfield code="o">615280000000001088</subfield>
    <subfield code="y">2022-07-19 22:11:52 Europe/Berlin</subfield>
    <subfield code="w">2022-07-19 22:11:44 Europe/Berlin</subfield>
    <subfield code="D">https://eu04.alma.exlibrisgroup.com/view/uresolver/49HBZ_NETWORK/openurl?u.ignore_date_coverage=true&amp;portfolio_pid=53626936090006449&amp;Force_direct=true</subfield>
    <subfield code="v">NON_SFX_CREATOR</subfield>
    <subfield code="z">2022-07-19 20:11:44</subfield>
    <subfield code="n"> Available from 2022 volume: 42 issue: 1.</subfield>
    <subfield code="i">false</subfield>
    <subfield code="S">62626439460006449</subfield>
    <subfield code="d">https://hbz-network.userservices.exlibrisgroup.com/view/uresolver/49HBZ_NETWORK/openurl?u.ignore_date_coverage=true&amp;rft.mms_id=991044834920506449</subfield>
    <subfield code="b">Available</subfield>
    <subfield code="f">JOURNAL</subfield>
    <subfield code="8">53626936090006449</subfield>
  </datafield>
  <datafield tag="POC" ind1=" " ind2=" ">
    <subfield code="a">53626936090006449</subfield>
    <subfield code="b">2022</subfield>
    <subfield code="d">1</subfield>
    <subfield code="f">1</subfield>
    <subfield code="h">42</subfield>
    <subfield code="j">1</subfield>
  </datafield>
  <datafield tag="POR" ind1=" " ind2=" ">
    <subfield code="j">Walter De Gruyter Publishing</subfield>
    <subfield code="x">System</subfield>
    <subfield code="a">53627921000006449</subfield>
    <subfield code="M">49HBZ_ULM</subfield>
    <subfield code="p">61626438270006449</subfield>
    <subfield code="q">EZB-NALFK-00448 Walter de Gruyter Online-Zeitschriften LLH1 AL</subfield>
    <subfield code="c">param</subfield>
    <subfield code="o">613790000000000582</subfield>
    <subfield code="y">2022-07-19 22:16:23 Europe/Berlin</subfield>
    <subfield code="w">2022-07-19 22:16:20 Europe/Berlin</subfield>
    <subfield code="D">https://eu04.alma.exlibrisgroup.com/view/uresolver/49HBZ_NETWORK/openurl?u.ignore_date_coverage=true&amp;portfolio_pid=53627921000006449&amp;Force_direct=true</subfield>
    <subfield code="v">NON_SFX_CREATOR</subfield>
    <subfield code="z">2022-07-19 20:16:20</subfield>
    <subfield code="n"> Available from 1996 volume: 16.</subfield>
    <subfield code="i">false</subfield>
    <subfield code="S">62626438260006449</subfield>
    <subfield code="d">https://hbz-network.userservices.exlibrisgroup.com/view/uresolver/49HBZ_NETWORK/openurl?u.ignore_date_coverage=true&amp;rft.mms_id=991044834920506449</subfield>
    <subfield code="b">Available</subfield>
    <subfield code="f">JOURNAL</subfield>
    <subfield code="8">53627921000006449</subfield>
  </datafield>
  <datafield tag="POC" ind1=" " ind2=" ">
    <subfield code="a">53627921000006449</subfield>
    <subfield code="b">1996</subfield>
    <subfield code="d">1</subfield>
    <subfield code="f">1</subfield>
    <subfield code="h">16</subfield>
  </datafield>
  <datafield tag="POR" ind1=" " ind2=" ">
    <subfield code="j">Walter De Gruyter Publishing</subfield>
    <subfield code="x">System</subfield>
    <subfield code="a">53673256170006449</subfield>
    <subfield code="M">49HBZ_ULM</subfield>
    <subfield code="p">61673164040006449</subfield>
    <subfield code="q">Konvolut B (Read Only) 2023</subfield>
    <subfield code="c">param</subfield>
    <subfield code="o">615410000000003144</subfield>
    <subfield code="y">2023-07-21 13:25:47 Europe/Berlin</subfield>
    <subfield code="w">2023-07-21 13:25:46 Europe/Berlin</subfield>
    <subfield code="D">https://eu04.alma.exlibrisgroup.com/view/uresolver/49HBZ_NETWORK/openurl?u.ignore_date_coverage=true&amp;portfolio_pid=53673256170006449&amp;Force_direct=true</subfield>
    <subfield code="v">System</subfield>
    <subfield code="z">2023-07-21 11:25:46</subfield>
    <subfield code="n"> Available from 01/03/1996 volume: 16.</subfield>
    <subfield code="i">false</subfield>
    <subfield code="S">62673164030006449</subfield>
    <subfield code="d">https://hbz-network.userservices.exlibrisgroup.com/view/uresolver/49HBZ_NETWORK/openurl?u.ignore_date_coverage=true&amp;rft.mms_id=991044834920506449</subfield>
    <subfield code="b">Available</subfield>
    <subfield code="f">JOURNAL</subfield>
    <subfield code="8">53673256170006449</subfield>
  </datafield>
  <datafield tag="POC" ind1=" " ind2=" ">
    <subfield code="a">53673256170006449</subfield>
    <subfield code="b">1996</subfield>
    <subfield code="d">3</subfield>
    <subfield code="f">1</subfield>
    <subfield code="h">16</subfield>
  </datafield>
  <datafield tag="POR" ind1=" " ind2=" ">
    <subfield code="j">Walter De Gruyter Publishing</subfield>
    <subfield code="x">System</subfield>
    <subfield code="a">5396251040006462</subfield>
    <subfield code="M">49HBZ_SIE</subfield>
    <subfield code="p">6196029610006462</subfield>
    <subfield code="q">De Gruyter Zeitschriften (Archiv)</subfield>
    <subfield code="c">param</subfield>
    <subfield code="o">613790000000000573</subfield>
    <subfield code="y">2022-07-11 18:32:56 Europe/Berlin</subfield>
    <subfield code="w">2022-07-11 18:32:51 Europe/Berlin</subfield>
    <subfield code="D">https://eu04.alma.exlibrisgroup.com/view/uresolver/49HBZ_NETWORK/openurl?u.ignore_date_coverage=true&amp;portfolio_pid=5396251040006462&amp;Force_direct=true</subfield>
    <subfield code="v">NON_SFX_CREATOR</subfield>
    <subfield code="z">2022-07-11 16:32:51</subfield>
    <subfield code="n"> Available from 1996 volume: 16.</subfield>
    <subfield code="i">false</subfield>
    <subfield code="S">6296029600006462</subfield>
    <subfield code="d">https://hbz-network.userservices.exlibrisgroup.com/view/uresolver/49HBZ_NETWORK/openurl?u.ignore_date_coverage=true&amp;rft.mms_id=99204507541206462</subfield>
    <subfield code="b">Available</subfield>
    <subfield code="f">JOURNAL</subfield>
    <subfield code="8">5396251040006462</subfield>
  </datafield>
  <datafield tag="POC" ind1=" " ind2=" ">
    <subfield code="a">5396251040006462</subfield>
    <subfield code="b">1996</subfield>
    <subfield code="d">1</subfield>
    <subfield code="f">1</subfield>
    <subfield code="h">16</subfield>
  </datafield>
  <datafield tag="POR" ind1=" " ind2=" ">
    <subfield code="j">Walter De Gruyter Publishing</subfield>
    <subfield code="x">System</subfield>
    <subfield code="a">53109067080006462</subfield>
    <subfield code="M">49HBZ_SIE</subfield>
    <subfield code="p">61109090170006462</subfield>
    <subfield code="q">De Gruyter HSS Journals Konvolut B</subfield>
    <subfield code="c">param</subfield>
    <subfield code="o">615410000000003144</subfield>
    <subfield code="y">2023-05-02 09:52:29 Europe/Berlin</subfield>
    <subfield code="w">2023-05-02 09:52:29 Europe/Berlin</subfield>
    <subfield code="D">https://eu04.alma.exlibrisgroup.com/view/uresolver/49HBZ_NETWORK/openurl?u.ignore_date_coverage=true&amp;portfolio_pid=53109067080006462&amp;Force_direct=true</subfield>
    <subfield code="v">System</subfield>
    <subfield code="z">2023-05-02 07:52:29</subfield>
    <subfield code="n"> Available from 01/03/1996 volume: 16.</subfield>
    <subfield code="i">false</subfield>
    <subfield code="S">62109090160006462</subfield>
    <subfield code="d">https://hbz-network.userservices.exlibrisgroup.com/view/uresolver/49HBZ_NETWORK/openurl?u.ignore_date_coverage=true&amp;rft.mms_id=99204507541206462</subfield>
    <subfield code="b">Available</subfield>
    <subfield code="f">JOURNAL</subfield>
    <subfield code="8">53109067080006462</subfield>
  </datafield>
  <datafield tag="POC" ind1=" " ind2=" ">
    <subfield code="a">53109067080006462</subfield>
    <subfield code="b">1996</subfield>
    <subfield code="d">3</subfield>
    <subfield code="f">1</subfield>
    <subfield code="h">16</subfield>
  </datafield>
  <datafield tag="POR" ind1=" " ind2=" ">
    <subfield code="j">Walter De Gruyter Publishing</subfield>
    <subfield code="x">c.franz</subfield>
    <subfield code="a">53159673220006463</subfield>
    <subfield code="M">49HBZ_PAD</subfield>
    <subfield code="p">61159512600006463</subfield>
    <subfield code="q">De Gruyter journals</subfield>
    <subfield code="c">param</subfield>
    <subfield code="o">61110974475531562</subfield>
    <subfield code="y">2023-05-26 10:41:08 Europe/Berlin</subfield>
    <subfield code="w">2022-07-14 19:47:23 Europe/Berlin</subfield>
    <subfield code="D">https://eu04.alma.exlibrisgroup.com/view/uresolver/49HBZ_NETWORK/openurl?u.ignore_date_coverage=true&amp;portfolio_pid=53159673220006463&amp;Force_direct=true</subfield>
    <subfield code="v">NON_SFX_CREATOR</subfield>
    <subfield code="z">2022-07-14 07:55:59</subfield>
    <subfield code="n"> Available from 1996 volume: 16.</subfield>
    <subfield code="i">false</subfield>
    <subfield code="t">ZE-12-6</subfield>
    <subfield code="S">62159512590006463</subfield>
    <subfield code="d">https://hbz-network.userservices.exlibrisgroup.com/view/uresolver/49HBZ_NETWORK/openurl?u.ignore_date_coverage=true&amp;rft.mms_id=9925013376606463</subfield>
    <subfield code="b">Available</subfield>
    <subfield code="f">JOURNAL</subfield>
    <subfield code="8">53159673220006463</subfield>
  </datafield>
  <datafield tag="POC" ind1=" " ind2=" ">
    <subfield code="a">53159673220006463</subfield>
    <subfield code="b">1996</subfield>
    <subfield code="d">1</subfield>
    <subfield code="f">1</subfield>
    <subfield code="h">16</subfield>
  </datafield>
  <datafield tag="POR" ind1=" " ind2=" ">
    <subfield code="j">Walter De Gruyter Publishing</subfield>
    <subfield code="x">System</subfield>
    <subfield code="a">53160920940006463</subfield>
    <subfield code="M">49HBZ_PAD</subfield>
    <subfield code="p">61159515120006463</subfield>
    <subfield code="q">EZB-NALIG-00476 Walter de Gruyter Online-Zeitschriften Archiv NL</subfield>
    <subfield code="c">param</subfield>
    <subfield code="o">613790000000000573</subfield>
    <subfield code="y">2022-07-14 19:51:57 Europe/Berlin</subfield>
    <subfield code="w">2022-07-14 19:51:53 Europe/Berlin</subfield>
    <subfield code="D">https://eu04.alma.exlibrisgroup.com/view/uresolver/49HBZ_NETWORK/openurl?u.ignore_date_coverage=true&amp;portfolio_pid=53160920940006463&amp;Force_direct=true</subfield>
    <subfield code="v">NON_SFX_CREATOR</subfield>
    <subfield code="z">2022-07-14 17:51:53</subfield>
    <subfield code="n"> Available from 1996 volume: 16.</subfield>
    <subfield code="i">false</subfield>
    <subfield code="S">62159515110006463</subfield>
    <subfield code="d">https://hbz-network.userservices.exlibrisgroup.com/view/uresolver/49HBZ_NETWORK/openurl?u.ignore_date_coverage=true&amp;rft.mms_id=9925013376606463</subfield>
    <subfield code="b">Available</subfield>
    <subfield code="f">JOURNAL</subfield>
    <subfield code="8">53160920940006463</subfield>
  </datafield>
  <datafield tag="POC" ind1=" " ind2=" ">
    <subfield code="a">53160920940006463</subfield>
    <subfield code="b">1996</subfield>
    <subfield code="d">1</subfield>
    <subfield code="f">1</subfield>
    <subfield code="h">16</subfield>
  </datafield>
  <datafield tag="POR" ind1=" " ind2=" ">
    <subfield code="j">Ezb</subfield>
    <subfield code="x">System</subfield>
    <subfield code="a">53175909640006463</subfield>
    <subfield code="M">49HBZ_PAD</subfield>
    <subfield code="p">61165839590006463</subfield>
    <subfield code="q">In der EZB frei verfügbare Zeitschriften</subfield>
    <subfield code="c">param</subfield>
    <subfield code="o">615280000000001088</subfield>
    <subfield code="y">2022-08-03 12:25:04 Europe/Berlin</subfield>
    <subfield code="w">2022-08-03 12:25:04 Europe/Berlin</subfield>
    <subfield code="D">https://eu04.alma.exlibrisgroup.com/view/uresolver/49HBZ_NETWORK/openurl?u.ignore_date_coverage=true&amp;portfolio_pid=53175909640006463&amp;Force_direct=true</subfield>
    <subfield code="v">System</subfield>
    <subfield code="z">2022-08-03 10:25:04</subfield>
    <subfield code="n"> Available from 2022 volume: 42 issue: 1.</subfield>
    <subfield code="i">false</subfield>
    <subfield code="S">62165839580006463</subfield>
    <subfield code="d">https://hbz-network.userservices.exlibrisgroup.com/view/uresolver/49HBZ_NETWORK/openurl?u.ignore_date_coverage=true&amp;rft.mms_id=9925013376606463</subfield>
    <subfield code="b">Available</subfield>
    <subfield code="f">JOURNAL</subfield>
    <subfield code="8">53175909640006463</subfield>
  </datafield>
  <datafield tag="POC" ind1=" " ind2=" ">
    <subfield code="a">53175909640006463</subfield>
    <subfield code="b">2022</subfield>
    <subfield code="d">1</subfield>
    <subfield code="f">1</subfield>
    <subfield code="h">42</subfield>
    <subfield code="j">1</subfield>
  </datafield>
  <datafield tag="POR" ind1=" " ind2=" ">
    <subfield code="j">Walter De Gruyter Publishing</subfield>
    <subfield code="x">System</subfield>
    <subfield code="a">5317399500006456</subfield>
    <subfield code="M">49HBZ_WHS</subfield>
    <subfield code="p">6117011380006456</subfield>
    <subfield code="q">EZB-NALIG-00476 Walter de Gruyter Online-Zeitschriften Archiv NL</subfield>
    <subfield code="c">param</subfield>
    <subfield code="o">613790000000000573</subfield>
    <subfield code="y">2022-07-14 13:39:09 Europe/Berlin</subfield>
    <subfield code="w">2022-07-14 13:39:03 Europe/Berlin</subfield>
    <subfield code="D">https://eu04.alma.exlibrisgroup.com/view/uresolver/49HBZ_NETWORK/openurl?u.ignore_date_coverage=true&amp;portfolio_pid=5317399500006456&amp;Force_direct=true</subfield>
    <subfield code="v">NON_SFX_CREATOR</subfield>
    <subfield code="z">2022-07-14 11:39:03</subfield>
    <subfield code="n"> Available from 1996 volume: 16.</subfield>
    <subfield code="i">false</subfield>
    <subfield code="S">6217011370006456</subfield>
    <subfield code="d">https://hbz-network.userservices.exlibrisgroup.com/view/uresolver/49HBZ_NETWORK/openurl?u.ignore_date_coverage=true&amp;rft.mms_id=991006477834606456</subfield>
    <subfield code="b">Available</subfield>
    <subfield code="f">JOURNAL</subfield>
    <subfield code="8">5317399500006456</subfield>
  </datafield>
  <datafield tag="POC" ind1=" " ind2=" ">
    <subfield code="a">5317399500006456</subfield>
    <subfield code="b">1996</subfield>
    <subfield code="d">1</subfield>
    <subfield code="f">1</subfield>
    <subfield code="h">16</subfield>
  </datafield>
  <datafield tag="POR" ind1=" " ind2=" ">
    <subfield code="j">Walter De Gruyter Publishing</subfield>
    <subfield code="x">System</subfield>
    <subfield code="a">53139561080006472</subfield>
    <subfield code="h">EZProxy</subfield>
    <subfield code="M">49HBZ_ZBM</subfield>
    <subfield code="p">61139218390006472</subfield>
    <subfield code="q">EZB-NALIG-00476 Walter de Gruyter Online-Zeitschriften Archiv NL</subfield>
    <subfield code="c">param</subfield>
    <subfield code="o">613790000000000573</subfield>
    <subfield code="y">2023-08-10 17:19:41 Europe/Berlin</subfield>
    <subfield code="w">2023-08-10 17:19:34 Europe/Berlin</subfield>
    <subfield code="D">https://eu04.alma.exlibrisgroup.com/view/uresolver/49HBZ_NETWORK/openurl?u.ignore_date_coverage=true&amp;portfolio_pid=53139561080006472&amp;Force_direct=true</subfield>
    <subfield code="v">NON_SFX_CREATOR</subfield>
    <subfield code="z">2023-08-10 15:19:34</subfield>
    <subfield code="n"> Available from 1996 volume: 16.</subfield>
    <subfield code="i">false</subfield>
    <subfield code="S">62139218380006472</subfield>
    <subfield code="d">https://hbz-network.userservices.exlibrisgroup.com/view/uresolver/49HBZ_NETWORK/openurl?u.ignore_date_coverage=true&amp;rft.mms_id=991013864255706472</subfield>
    <subfield code="b">Available</subfield>
    <subfield code="f">JOURNAL</subfield>
    <subfield code="8">53139561080006472</subfield>
  </datafield>
  <datafield tag="POC" ind1=" " ind2=" ">
    <subfield code="a">53139561080006472</subfield>
    <subfield code="b">1996</subfield>
    <subfield code="d">1</subfield>
    <subfield code="f">1</subfield>
    <subfield code="h">16</subfield>
  </datafield>
</record>
